3234 5067
656 522 869 583 ...17-

196 692 278 759 tales
310 689 562 757 exercitationes
593 688 721 756 dicendi
740 680 785 755 'in
813 688 922 771 Lyceo
953 687 1161 770 instituebat,
1194 687 1235 754 ci.
1265 687 1341 755 ibid.

193 784 249 885 pgss
264 804 315 867 63.
361 798 464 881 Quen
484 816 607 865 morem
626 798 725 865 etiarn
749 796 773 863 ii
795 796 1023 879 observabant,
1046 795 1102 877 qni
1119 800 1343 891 postmortem

194 910 262 977 eius
285 908 415 975 scholae
433 905 725 988 Peripateticorum
742 905 964 989 praefuerunt,
987 904 1027 971 cf.
1042 904 1139 971 Blass
1153 904 1197 987 ΙΙ,
1221 923 1275 988 pg.
1292 910 1343 973 63.

195 996 266 1101 Quo
288 1017 412 1096 iactum
434 1018 498 1097 est,
529 1018 566 1080 nt
593 1013 652 1081 illa
679 1032 789 1098 pugna
812 1014 876 1081 iam
899 1032 920 1079 a
940 1012 1107 1079 conditore
1125 1012 1256 1100 scholae
1277 1029 1344 1078 sus·

177 1117 294 1209 'cepta
311 1124 398 1192 inter
418 1123 656 1206 Peripateticos
679 1127 713 1190 et
735 1127 882 1190 oratores
909 1140 1080 1203 numquam
1105 1121 1344 1205 refrigesceret,

192 1235 239 1301 11.
262 1233 368 1315 Riese,
390 1232 434 1311 ΙΙ,
458 1238 531 1300 382.
576 1232 738 1299 Rhetores
758 1236 868 1299 autem
888 1230 948 1313 illi,
978 1230 1093 1312 quibus
1114 1231 1292 1299 obtrectari
1312 1233 1345 1297 in

66 1430 71 1442 Ι
198 1341 359 1408 Phocione
381 1340 638 1424 supravidimus,
661 1344 720 1405 ant
739 1339 802 1421 ipsi
817 1337 973 1405 Isocratis
989 1337 1138 1421 discipuli
1153 1339 1285 1407 fuerant
1303 1378 1346 1390 -

199 1450 231 1515 in
253 1466 291 1514 eo
318 1466 450 1525 nurnero
472 1452 548 1516 sunt
570 1446 754 1531 Hyperides
778 1445 814 1513 et
834 1445 1005 1529 Lycurgus
1026 1483 1068 1497 -
1089 1448 1148 1513 aut
1166 1445 1260 1551 isaeo
1280 1447 1347 1514 Iso·

189 1554 298 1623 cratis
318 1553 474 1637 discipulo
496 1572 625 1637 operam
639 1554 807 1636 dederant,
830 1553 923 1620 velut
933 1552 1180 1637 Demosthenes,
1201 1553 1349 1621 ciBlass

199 1664 244 1745 ΙΙ,
267 1668 319 1731 52.
344 1668 418 1731 452.

303 1792 394 1875 Quae
427 1810 499 1859 cum
529 1792 578 1857 ita
599 1790 682 1872 sint,
717 1790 866 1873 quoniam
895 1794 1010 1856 auctor
1037 1789 1206 1856 Plutarchi
1237 1790 1350 1856 laudes

200 1902 458 1984 philosophorum
480 1918 559 1982 prae
581 1899 764 1965 oratoribus
785 1898 968 1981 praedicat,
996 1897 1162 1964 alamilia
1183 1898 1349 1980 Peripate·

200 2010 336 2075 ticorum
358 2008 543 2091 proiectum
566 2024 638 2073 eum
659 2005 828 2075 historiam
847 2006 1013 2087 scripsisse
1035 2008 1105 2072 veri
1125 2006 1229 2072 simile
1244 2006 1297 2073 'iit

220 2128 223 2132 ’
302 2136 416 2206 Tertia
437 2136 575 2217 denique
597 2126 704 2231 causa,
728 2154 786 2202 cur
799 2135 858 2202 illa
874 2153 957 2216 quae
973 2134 1229 2231 enumeravimus
1240 2136 1350 2218 capita

143 2234 146 2237 ’
199 2246 289 2331 111111Ι
315 2242 485 2328 principali
515 2244 738 2326 attribuimus,
777 2244 812 2310 in
844 2227 1054 2310 similitudine
1090 2244 1350 2325 aequalilateque

199 2354 306 2436 posita
328 2359 389 2436 est,
416 2370 511 2435 quarn
532 2352 566 2419 in
583 2352 649 2418 illis
666 2352 828 2435 capitibus
842 2352 876 2417 in
890 2352 987 2418 rebus
1003 2352 1193 2419 enarrandis
1210 2353 1350 2419 eminere

201 2480 292 2529 nemo
314 2480 379 2529 non
396 2456 496 2529 videt.
541 2462 666 2529 Auctor
689 2460 773 2526 enim
794 2458 963 2527 Plutarchi
979 2464 1076 2527 tanta
1096 2460 1260 2528 brevitate
1275 2480 1351 2529 usus

201 2575 262 2653 est,
293 2573 331 2636 ut
358 2569 420 2636 sibi
448 2588 511 2635 non
541 2569 743 2652 proposuisse
770 2566 930 2651 videatur,
962 2568 1078 2647 utqui
1106 2567 1223 2635 inisset
1243 2588 1349 2637 rerum

201 2682 374 2745 contextus
394 2682 493 2759 atque
515 2695 628 2744 cursus
649 2677 843 2761 explanaret
864 2676 921 2742 sed
943 2676 1051 2760 potius
1072 2678 1235 2743 11111111
1254 2679 1351 2745 dictis
1392 2718 1396 2725 -

201 2789 235 2850 et
265 2784 504 2883 narrationibus
535 2786 577 2851 ad
610 2783 804 2856 audiendum
837 2784 984 2851 iucundis
1021 2769 1159 2878 animos,
1174 2785 1349 2869 legentium

201 2893 392 2959 oblectaret.

303 3019 417 3099 Neque
446 3018 506 3084 hoc
538 3016 671 3083 difficile
702 3022 753 3085 est
782 3020 938 3103 exemplis
958 2996 1112 3102 probatu.

279 3162 280 3165 ’
301 3146 342 3213 In
352 3145 461 3229 capite
469 3144 535 3211 XV
550 3146 667 3219 saltem
682 3164 723 3212 ex
733 3145 903 3214 Plutarchi
912 3148 1135 3229 verbisneque
1146 3150 1351 3231 quamobrem

200 3252 411 3337 Megarenses
421 3253 504 3320 clam
512 3253 554 3320 ab
563 3252 980 3343 Atheniensibusauxilium
991 3256 1146 3339 petierint
1156 3257 1353 3345 intelligitur

201 3378 304 3451 neque
326 3380 383 3428 cur
400 3360 520 3431 Phocio
541 3381 562 3428 a
581 3361 714 3428 Boeotis
732 3363 886 3430 timuerit.
919 3364 1101 3448 Philippum
1118 3370 1228 3441 autem
1240 3386 1350 3451 regern

202 3462 413 3551 Macedonum
434 3474 503 3537 tum
525 3468 773 3553 Megarensibus
793 3456 989 3554 praesidium
1008 3472 1170 3556 imponere
1189 3475 1351 3546 studuisse

202 3576 330 3645 Kraner
358 3576 391 3641 in
424 3578 662 3645 commentariis
691 3579 733 3669 ad
769 3579 942 3647 editionem
971 3580 1061 3647 vitae
1087 3581 1258 3650 Phocionis
1285 3584 1349 3651 iam

203 3683 471 3751 commemoravit.
516 3684 620 3766 Quam
649 3687 757 3753 obrem
784 3686 901 3784 Boeoti
933 3687 1177 3771 Megarensibus
1204 3689 1351 3759 insidiati

202 3789 279 3872 sint,
295 3789 458 3885 ¹Schaeier
473 3791 507 3857 in
527 3790 624 3859 libro:
647 3793 885 3875 Demosthenes
899 3814 929 3861 u.
939 3813 964 3863 s.
979 3796 1054 3876 Ζ111
1068 3796 1113 3879 11,
1131 3802 1191 3864 341
1208 3800 1350 3882 exponit.

292 3917 429 3993 ,ldadenr
451 3919 614 3988 brevitate
642 3924 799 3992 narrandi
820 3925 926 3992 utitur
946 3925 1143 3994 Plutarchus
1166 3926 1259 3995 initio
1278 3948 1348 4014 cap.

201 4022 292 4109 XVI,
313 4026 369 4095 ubi
389 4026 592 4113 Phocionem,
614 4044 686 4097 cum
699 4038 867 4115 praetores
883 4034 982 4101 annui
995 4035 1135 4102 Athenis
1147 4044 1347 4123 crearentur,

202 4134 235 4199 iu
259 4135 337 4203 urbe
358 4154 422 4203 non
444 4130 588 4207 adfuisse
610 4140 669 4206 sed
687 4142 729 4207 ab
746 4141 862 4209 insulis
881 4142 1005 4209 redisse
1017 4141 1074 4210 ille
1090 4150 1212 4213 narrat.
1256 4147 1350 4216 Unde

203 4242 287 4309 enim
308 4245 437 4312 venerit
456 4246 595 4328 quidque
616 4248 744 4318 interea
765 4250 908 4333 gesserit
928 4250 1058 4318 silentio
1078 4255 1246 4335 praeterit.
1282 4256 1349 4324 Sci·

202 4368 272 4425 mus
301 4355 410 4417 autem
438 4372 509 4421 eum
538 4356 580 4422 ad
610 4356 707 4424 litora
730 4358 890 4425 Thraciae
918 4359 1055 4427 navibus
1079 4361 1258 4444 proiectum
1279 4384 1350 4433 esse

193 4464 237 4523 -et
258 4477 320 4539 quo
347 4464 492 4542 tempore
513 4462 682 4547 Philippus
705 4465 826 4533 Elatea
850 4467 973 4550 potitus
994 4473 1054 4550 est,
1084 4469 1117 4535 in
1139 4472 1278 4551 patriam
1300 4493 1349 4540 re-

204 4568 350 4649 vertisse,
373 4568 413 4634 11.
437 4569 561 4655 dehac
581 4592 616 4637 re
639 4572 803 4655 Schaeier,
826 4573 1013 4656 1149111.

1128 4700 1145 4752 2
