3234 5067
699 540 969 603 -25-.

240 702 249 733 ’·
330 703 456 770 Deinde
473 704 507 769 in
534 705 658 771 ultimis
680 708 821 773 eiusdem
851 707 968 790 capilis
993 709 1115 775 verbis:
1144 710 1221 792 Περὶ
1252 710 1287 773 δε
1315 712 1391 772 τών-

229 807 340 880 δίλλων
359 812 505 881 ἐκέλευεν
534 810 647 894 αὐτοῖς
667 814 854 904 ἐπιτρέπειν
877 814 956 895 τοὺς
976 811 1183 903 Ἀθηναίους,·
1210 809 1321 901 ὥσπερ
1349 814 1386 879 έν
1474 817 1476 822 ’

230 922 336 1011 Λαμίᾳ
357 922 552 1007 Λεωσθένης
572 921 712 991 ἐκείνω·
813 1005 816 1009 .

333 1051 411 1133 Cap.
432 1056 474 1133 ,2⁷
495 1050 594 1120 med:
620 1056 692 1120 Ταῗν
714 1054 750 1120 δὲ
770 1054 845 1140 περὶ
863 1050 923 1120 τὸν
953 1034 1117 1119 Φωκίωνα
1144 1041 1386 1138 διαλεχθέντων

232 1198 272 1207 -
294 1159 553 1245 προσεκτίσασινε
1416 1151 1419 1166 ’

329 1280 422 1355 initio
442 1307 512 1373 cap.
535 1293 594 1357 28:
618 1282 715 1357 Οὕτω
737 1292 796 1377 μὲν
823 1290 979 1367 ἐδέξαντο
1007 1286 1158 1377 φρουρὰν
1183 1282 1404 1357 Μακεδόνων,

233 1392 396 1482 Ἀθηναῖοι
413 1398 467 1463 καὶ
489 1397 662 1463 Μένυλλον
680 1390 830 1484 ίγγεμόνα,
854 1403 938 1479 κτλ.;

330 1543 400 1606 cap.
419 1530 460 1591 28
482 1529 579 1605 exim:
605 1528 676 1591 Τῶν
697 1526 733 1593 δὲ
753 1522 1061 1615 ἀποψηφισθέντων
1076 1530 1137 1593 τοῦ
1152 1520 1389 1612 πολιτεύματος

232 1626 286 1697 διὰ
308 1637 424 1699 πενίαν
445 1631 527 1719 ὑπὲρ
546 1636 682 1720 μυρίους
702 1636 755 1701 καὶ
778 1637 953 1721 δισχιλίους
972 1636 1159 1722 γενομένων
1180 1639 1269 1716 κτλ.;

281 1796 285 1803 -
335 1779 406 1845 cap.
440 1766 479 1827 31
507 1761 618 1831 Initio:
644 1758 726 1830 Ἐπεὶ
756 1765 792 1831 δὲ
822 1759 1032 1851 Ἀντίπατρος
1060 1759 1232 1845 ἀποδείξας
1264 1768 1389 1829 Πολυσ-

233 1867 397 1953 πέρχοντα
418 1864 616 1957 στρατηγόν,
634 1866 838 1957 Κάσανδρον
867 1874 903 1940 δὲ
925 1874 1091 1959 χιλίαρχον
1118 1871 1264 1953 ἐξέλιπεν
1289 1891 1390 1952 usque

234 1973 277 2040 ad
299 1971 358 2061 τὴν
379 1978 569 2063 Μουνυχίαν
589 1983 802 2065 παραλαβεῖν·

336 2120 408 2187 cap.
433 2109 475 2173 32
496 2106 572 2174 inde
588 2108 630 2175 ab
650 2102 702 2174 Ἐν
720 2103 831 2196 τούτῳ
855 2110 890 2175 δὲ
910 2110 963 2175 καὶ
974 2108 1219 2193 Πολυσπέρχων
1238 2142 1278 2157 ·-
1299 2102 1403 2191 Ἆθη·“

235 2211 346 2291 ναίους
360 2206 559 2292 κελεύοντος·
709 2238 711 2243 ·
1476 2209 1481 2215 ’

336 2338 406 2403 cap.
418 2326 458 2389 33
479 2322 556 2389 inde
578 2341 599 2389 a
621 2324 866 2409 Πραττομένων
886 2325 922 2389 δὲ
945 2318 1075 2390 τούτων
1094 2323 1225 2408 διέφυγε
1245 2320 1305 2389 τὸν
1323 2322 1389 2387 κίν-
1417 2385 1420 2389 1

235 2427 348 2496 δὐνον.

341 2534 517 2617 Postquam
540 2537 627 2606 locos
645 2538 760 2619 quihus
770 2538 968 2605 Plutarchus
988 2556 1042 2605 res
1066 2537 1141 2604 belli
1159 2537 1393 2605 cIrcaLamian

236 2642 322 2727 gesti
352 2643 464 2726 paucis
494 2650 722 2713 commemorat
747 2646 900 2727 deinceps
928 2645 1206 2729 enumeravauS,
1238 2644 1395 2727 reliquum

239 2755 470 2836 cetetonem
492 2753 548 2821 ille
572 2757 703 2821 secutus
726 2773 799 2821 esse
821 2754 973 2822 videatur
992 2754 1198 2845 explicemus.

340 2860 445 2927 Reuss
465 2860 499 2927 in
520 2862 617 2927 libro:
640 2861 934 2957 HIeronymusvon
947 2862 1073 2929 Kardia
1093 2863 1177 2929 hanc
1198 2861 1396 2929 remleviter

240 2966 349 3049 tangit
376 2985 511 3048 eamque
536 2969 722 3037 accuratius
753 2988 948 3053 cognoscem
976 2971 1167 3053 supersedet
1193 2968 1234 3035 cf.
1260 2988 1314 3052 pg.
1342 2973 1394 3051 40,

241 3077 312 3156 116,
337 3076 408 3141 117.
431 3072 530 3142 Κίοιο
547 3079 667 3158 autem,
687 3080 843 3157 quantum
865 3076 992 3159 seimus,
1016 3076 1137 3159 primns
1153 3075 1226 3158 linit,
1249 3074 1304 3156 qui
1321 3073 1395 3141 Plu-

239 3181 390 3249 tarchum
412 3180 602 3271 Hieronymi
623 3184 777 3251 CardIeni
806 3184 906 3250 libros
927 3183 1125 3251 consuluIsse
1146 3182 1322 3267 diligenter
1341 3200 1395 3249 ex·

239 3288 356 3372 posuit.
402 3290 475 3374 Qua
495 3289 529 3357 in
552 3292 742 3372 quaestione
764 3293 940 3362 tractanda
962 3287 1055 3359 ineo
1070 3291 1197 3375 nititur,
1219 3291 1303 3373 quod
1322 3289 1397 3356 Plu·

241 3398 375 3464 tarchns
406 3416 478 3464 cnm
506 3397 662 3483 Diodoro,
691 3418 786 3481 quem
810 3400 845 3466 in
867 3401 949 3467 libro
979 3399 1097 3468 XVIII
1132 3418 1173 3466 ex
1198 3398 1396 3482 Hieronymo

181 3501 183 3507 '
241 3504 442 3586 excerpsisse
463 3512 603 3590 constat,
625 3507 667 3574 ad
686 3510 820 3575 verbum
836 3508 907 3575 fere
916 3507 983 3575 illle
997 3508 1078 3576 locis
1092 3508 1253 3576 convenit.
1283 3506 1397 3591 Longe

241 3612 403 3696 absumus,
427 3617 465 3678 ut
484 3612 533 3680 ita
551 3632 621 3681 esse
641 3634 805 3699 negemus,
828 3602 892 3683 'sed
912 3616 1030 3697 ubique
1058 3616 1091 3682 in
1115 3615 1277 3682 Phocione
1305 3616 1398 3696 quasi

242 3716 383 3803 vestigia
416 3716 607 3803 Hieronymi
627 3721 726 3790 Klotz
751 3723 853 3792 videt.
900 3722 1058 3807 Quotiens
1084 3724 1169 3790 enim
1201 3724 1397 3790 Plutarchus

242 3826 399 3894 similibus
420 3827 513 3895 modo
534 3828 643 3895 uerbis
665 3830 698 3895 ln
728 3818 825 3897 rebus
854 3830 1045 3898 enarrandis
1064 3831 1182 3914 utitur,
1209 3830 1329 3897 totiens
1356 3850 1396 3897 ex

244 3936 355 4002 eodem
377 3934 468 4003 fonte
491 3939 589 4031 etque
610 3935 786 4003 Diodorum
814 3956 886 4003 eum
915 3938 1060 4005 hausisse
1089 3937 1146 4004 ille
1172 3956 1203 4005 v.
1230 3939 1260 4003 d.
1290 3941 1396 4020 putat.

243 4043 352 4127 Quare
374 4060 439 4109 non
457 4048 509 4109 eet
530 4062 821 4128 supervacaneum,
848 4064 904 4112 eos
925 4046 1013 4112 locos
1038 4044 1125 4111 inter
1146 4062 1182 4110 se
1207 4063 1397 4128 componere

243 4138 342 4235 atque
364 4170 560 4235 comparare,
579 4153 694 4235 quibus
717 4153 817 4220 Klotz
844 4172 955 4221 errare
975 4154 1067 4221 nohis
1088 4154 1231 4235 videtur,
1260 4159 1298 4220 ut
1322 4160 1397 4222 uter

243 4265 389 4328 nostrum
409 4261 532 4328 rectius
550 4260 745 4328 iudIcaverit
767 4262 879 4329 'videre
900 4261 1014 4342 cuique
1036 4261 1145 4327 liceat.

347 4369 444 4450 Apud
461 4367 674 4436 Plutarchum
691 4386 761 4451 cap.
782 4372 825 4435 34
847 4368 929 4435 med.
951 4370 1033 4436 haec
1052 4370 1159 4454 verba
1175 4370 1341 4453 leguntur:

304 4498 305 4503 ¹
348 4472 417 4543 oda
450 4471 684 4563 οἷνασχομένων
711 4477 748 4543 δὲ
772 4480 843 4543 τῶν
871 4479 1008 4543 πολλῶν
1034 4473 1105 4543 ἀλλ’
1137 4472 1396 4566 ἀνακραγόντων

242 4581 376 4664 θάλλειν
401 4582 480 4664 τοὺς
508 4578 734 4673 ὀλιγαρχικοὺς
756 4587 811 4653 καὶ
837 4580 1048 4676 μισοδήμους,
1080 4580 1179 4665 ἄλλος
1203 4588 1263 4674 μὲν
1290 4583 1397 4668 οὐδεὶς
