3234 5067
709 586 920 644 ..11..

196 740 199 754 ¹
289 752 352 824 Do
381 760 529 841 retroue,
559 780 665 850 quom
687 755 913 829 Plutarchus
939 760 978 826 in
998 754 1172 827 Phocione
1197 758 1348 826 conscri-

339 884 345 895 '
446 900 496 969 J
581 881 691 953 beudo
716 884 840 953 iniisse
867 880 1043 954 nudentur.

338 1022 384 1089 Ut
406 1004 530 1091 firmum
551 1008 735 1108 quaestioni
752 1023 811 1105 illi,
834 1042 928 1104 quam
949 1025 1157 1092 tractandam
1179 1022 1271 1089 nohis
1293 1040 1398 1102 sump-

237 1128 336 1196 simus
357 1132 448 1213 quasi
469 1133 714 1202 fundamentum
729 1131 934 1214 subiciamus
957 1130 1032 1199 inde'
1051 1132 1212 1214 proficisci
1234 1131 1397 1212 debemus

237 1242 274 1302 ut
302 1257 366 1319 qua
405 1242 638 1309 cousuetudine
666 1246 797 1309 veteres
823 1240 950 1307 omuino
984 1242 1160 1323 scriptores
1186 1240 1227 1306 de
1260 1240 1396 1306 t‘ontium
1443 1247 1446 1251 ·

237 1364 296 1413 usu
317 1348 352 1414 in
374 1349 614 1417 conscribendis
636 1349 729 1416 libris
749 1348 798 1413 uti
822 1342 911 1414 soliti
932 1348 1217 1431 sintexplicemus
1258 1349 1397 1416 Veteres
1511 1415 1514 1418 ,

176 1454 180 1468 “
236 1460 345 1522 autem
364 1476 423 1539 per
445 1459 592 1543 longiora
615 1458 723 1541 spatia
745 1458 777 1523 iu
797 1456 890 1523 libris
903 1459 1140 1541 componendis,
1161 1459 1253 1525 velut
1268 1457 1396 1523 Livium

236 1553 270 1631 et
290 1564 466 1633 Diodorum
487 1586 584 1651 unum
607 1571 773 1633 auctorem
800 1570 930 1631 secutos
951 1584 1022 1632 esse
1044 1567 1085 1631 H.
1104 1567 1220 1640 Nissen
1242 1566 1275 1631 iu
1297 1565 1397 1631 libro:

235 1660 321 1740 Krit.
353 1674 485 1741 Unters.
504 1676 556 1741 uh.
582 1675 612 1741 d.
633 1674 682 1740 IV
702 1673 786 1741 usV
808 1673 888 1739 Dec.
909 1673 941 1740 d.
963 1673 1091 1756 Livius,
1121 1674 1163 1768 Κ.
1185 1674 1237 1739 W.
1261 1674 1397 1760 Nitusch

235 1782 281 1850 in:
296 1782 358 1849 Die
372 1783 463 1850 Rhm.
477 1782 607 1864 Annul,
623 1782 858 1866 Volquardsen,
874 1782 1044 1848 Collmann
1056 1782 1177 1863 allique
1198 1784 1398 1849 demonstra·
1451 1768 1454 1773 ’

156 1929 158 1933 -
235 1896 363 1958 verunt.
409 1892 521 1958 Etiam
543 1891 755 1957 Plutarchum
778 1889 929 1970 quotiens
951 1892 982 1956 ei
1003 1896 1151 1973 potestus
1173 1874 1258 1957 hanc
1284 1891 1317 1972 in
1339 1910 1397 1957 usu

236 2000 374 2066 l'ontium
403 2000 669 2066 consuetudinem
700 1997 866 2064 retinendi
891 1998 968 2078 tuit,
997 1998 1120 2065 totiens
1145 1984 1243 2064 unum
1273 1998 1398 2065 fontem

238 2113 403 2188 tamquam
424 2128 481 2189 pro
515 2108 726 2175 fundamento
760 2089 906 2188 posuisse
929 2106 1028 2189 Haug
1049 2106 1099 2172 in:
1128 2106 1190 2173 Die
1214 2107 1275 2190 Qu.
1299 2107 1397 2173 Plut’.

236 2217 269 2283 iu
298 2218 328 2283 d.
356 2215 517 2283 Lebeusb.
548 2216 606 2282 der
639 2214 801 2281 Griechen
832 2217 867 2279 et
892 2213 992 2280 Peter
1016 2214 1067 2279 in:
1098 2215 1195 2281 Plut’.
1222 2216 1283 2298 Qu.
1308 2216 1343 2282 iu
1365 2217 1396 2281 d.
1463 2247 1465 2250 ·

236 2324 345 2417 Biogr.
369 2324 427 2390 der
447 2324 566 2390 Rhmer
588 2342 641 2407 pg.
665 2328 706 2388 41
729 2342 795 2403 seq.
828 2323 1017 2389 docueruut.
1060 2324 1169 2405 Quare
1190 2324 1325 2390 eandem
1347 2344 1398 2389 ra-

237 2433 356 2500 tionem
373 2432 475 2501 vitam
496 2431 707 2515 componendi
725 2432 757 2496 in
778 2430 939 2498 Phocione
962 2449 1088 2512 quoque
1099 2431 1189 2499 illum
1209 2434 1400 2500 observasse

237 2560 295 2625 per
316 2562 351 2609 se
373 2540 549 2608 verisimile
571 2545 632 2608 est.
1305 2534 1308 2538 ’

602 2747 664 2841 Do
688 2742 790 2841 fonte
814 2748 1021 2841 principali.

341 2887 533 2970 Priusquam
556 2888 609 2970 qui
641 2890 714 2955 l'ous
741 2886 933 2969 principalis
949 2888 982 2953 in
1003 2888 1166 2954 Phocione
1189 2889 1289 2954 fuerit
1310 2890 1404 2953 duce-

238 3012 445 3077 amissurae
471 2996 582 3081 capita
604 3002 639 3063 et
661 2995 870 3076 qulamobrem
894 2995 953 3061 illa
977 2996 1089 3078 capita
1122 2996 1205 3062 lhnti
1228 2996 1400 3078 priucipali

239 3102 412 3169 tribuenda
435 3122 507 3169 esse
525 3103 617 3169 nobis
633 3103 818 3185 videantur,
842 3103 987 3169 dicamus
1009 3122 1145 3169 necesse
1167 3108 1229 3169 est.

340 3213 390 3276 Ac
411 3212 547 3293 primum
585 3211 712 3293 quidem
747 3210 798 3277 his
825 3211 905 3277 locis
933 3210 1131 3278 Plutarchus
1152 3214 1280 3279 -l‘ontem
1307 3228 1401 3290 quiem

238 3317 309 3383 sihiw
327 3319 430 3402 elegit
451 3320 663 3402 principalem
695 3319 826 3387 videtur
857 3337 928 3386 esse
960 3324 1091 3387 secutus
1120 3340 1190 3403 cap.
1214 3319 1262 3386 IV
1287 3318 1402 3385 iudea

238 3426 347 3492 verbis
371 3428 536 3494 Φωκίωνα
562 3425 623 3514 γὰρ
654 3422 729 3494 οὔτε
753 3420 949 3513 γελάσαντα;
979 3446 1049 3511 cap.
1073 3428 1120 3494 VI
1141 3447 1243 3509 usque
1276 3427 1319 3492 all
1340 3422 1406 3491 cori

237 3531 298 3620 γὰρ
323 3530 496 3621 εὐωνύμου
518 3538 625 3621 κέρως
645 3532 818 3601 ἀπέδωκεν
841 3532 1011 3622 αὐτῷτὴν
1033 3531 1221 3623 ἡγεμονίαν;
1243 3555 1314 3619 cap.
1338 3535 1403 3600 VH

238 3642 271 3707 iu
293 3642 399 3724 priore
421 3650 517 3725 parte
538 3663 638 3725 usque
650 3645 692 3711 ad
703 3645 882 3729 ὑπομένων
903 3663 962 3709 σου
983 3640 1044 3710 τὸν
1064 3640 1153 3723 ohim
1176 3664 1268 3727 capp.
1280 3644 1400 3709 XII-

238 3750 355 3817 XVIII
375 3755 507 3833 praeter
530 3741 604 3819 illos
636 3754 715 3819 duos
740 3770 855 3819 versus
882 3753 997 3833 quihus
1022 3772 1094 3837 cap.
1123 3753 1241 3821 XVIII
1271 3753 1398 3835 finitur3

238 3876 330 3939 capp.
352 3857 437 3923 XXI
451 3888 489 3907 —-
503 3858 652 3940 XXVII;
672 3860 704 3925 in
729 3865 876 3927 extrema
890 3867 1068 3944 partecap.
1088 3862 1241 3929 XXVIII
1263 3862 1339 3928 inde
1359 3863 1401 3928 ab

232 3956 332 4049 ‘Hpio
354 3968 415 4032 οὖν
437 3966 569 4052 φρουρὰ
590 3973 661 4034 κτλ.
684 3972 818 4050 praeter
833 3987 939 4035 numer
947 3988 999 4034 um
1022 3970 1125 4051 ipsum
1148 3970 1406 4055 quiibilegitur3

174 4136 177 4139 .
238 4073 271 4138 in
293 4072 473 4156 posteriore
496 4076 614 4158 capitis
636 4076 753 4143 XXIX
772 4077 848 4143 inde
870 4078 912 4143 ab
926 4069 1032 4163 Ὅμως
1043 4067 1134 4145 δὀὗυ
1156 4084 1237 4161 κτλ.
1258 4080 1293 4145 in
1311 4099 1403 4162 capp.

240 4181 340 4249 XXX
361 4222 402 4233 -—
426 4183 611 4250 XXXVIII
632 4190 765 4266 praeter
787 4203 899 4251 omnes
922 4204 977 4252 eos
999 4187 1095 4270 locos
1117 4206 1197 4275 quos
1218 4206 1316 4270 supra
1338 4188 1401 4255 iam

243 4291 510 4374 enumeravimus,
534 4297 570 4359 et
590 4292 681 4359 illam
703 4294 924 4361 narrationem
938 4296 978 4361 de
991 4296 1108 4379 Phoco,
1132 4296 1303 4363 Phocionis
1325 4297 1402 4382 filio,

147 4416 156 4425 ‘
239 4399 271 4467 in
293 4400 401 4466 altera
422 4404 519 4483 parte
541 4401 659 4485 capitis
680 4400 878 4470 XXXVIII.

345 4508 570 4592 Interroganti
590 4515 719 4593 autem,
742 4530 806 4592 qua
833 4511 874 4578 de
897 4530 996 4578 causa
1020 4530 1131 4578 omues
1152 4512 1227 4577 illos
1258 4513 1345 4579 locos
1360 4533 1402 4583 ex

239 4631 301 4683 uuo
323 4608 501 4699 eodemque
526 4624 660 4698 auctore
682 4625 830 4705 sumptus
854 4637 926 4690 esse
953 4620 1044 4691 uobis
1071 4638 1258 4707 persuasum
1282 4622 1345 4706 sit,
1366 4623 1400 4698 in
