3234 5067
704 515 915 575 „13-

233 678 472 746 Demosthenes
494 680 562 763 ipse
588 680 714 747 roditur
740 700 801 762 quo
829 682 952 747 nullum
974 697 1015 746 ex
1035 679 1075 746 iis
1095 681 1238 761 quitum
1259 680 1292 746 in
1315 680 1392 747 civi·

232 791 304 852 tate
317 788 565 853 Atheniensium
579 788 748 869 plurimum
765 789 932 870 valebant,
945 789 1109 854 commoda
1127 789 1323 871 reipublicae
1345 789 1393 853 in·

233 895 402 961 nocentius
422 900 521 975 atque
540 896 759 977 incorruptius
779 901 923 962 tutatum
941 914 1012 961 esse
1029 915 1122 962 nemo
1145 897 1391 979 certenegahit.

233 1002 333 1067 Velut
354 1004 550 1089 uerbisillis
573 1001 603 1067 ol
634 997 778 1090 ῥήτορες
797 998 1000 1090 ἠγωνίσαντο
1022 1001 1083 1069 τὸν
1099 996 1235 1090 Χάρητα
1256 1025 1392 1091 στρατη-

231 1106 291 1194 γὸν
314 1104 539 1197 ἀποσταλῆναι
562 1112 595 1175 in
626 1131 696 1193 cap.
726 1100 806 1177 XIV
833 1112 1072 1177 Demosthenes
1103 1114 1230 1179 occulte
1257 1114 1390 1195 petitur.

232 1218 315 1283 Nam
337 1217 573 1286 Demosthenes
605 1239 675 1285 cum
700 1220 757 1285 illo
784 1224 929 1301 tempore
954 1220 1099 1285 omnibus
1126 1220 1269 1302 Philippi
1289 1222 1391 1287 oonsi-

233 1326 284 1391 liis
307 1332 439 1408 praeter
459 1332 608 1393 caeteros
638 1328 780 1393 occurrit
805 1332 904 1408 atque
923 1328 1069 1409 obstitit,
1099 1331 1167 1393 tum
1189 1330 1390 1411 rogationem

231 1436 377 1517 pertulit,
400 1440 437 1500 ut
460 1434 581 1501 Chares
609 1435 801 1517 Byzantinis
827 1436 948 1501 auxilio
975 1436 1169 1501 mitteretur.
1214 1436 1392 1502 Praeterea

216 1522 341 1608 'autem
380 1542 531 1609 distortio
567 1543 726 1622 quaedam
753 1544 907 1627 veritatis
937 1549 971 1610 et
1000 1531 1190 1624 depravatio
1218 1544 1252 1608 in
1281 1544 1389 1610 verbis

231 1642 308 1715 ὅδὲ
336 1650 437 1735 δῆμος
461 1642 527 1715 ὑπὸ
559 1654 629 1715 τῶν
659 1645 812 1737 ῥητόρων
848 1646 1117 1736 παροξυνόμενος
1151 1651 1253 1737 (ibid.)
1292 1653 1389 1733 inest,

231 1761 316 1847 quod*
337 1757 573 1823 Demosthenes
596 1777 660 1823 non
687 1760 778 1825 modo
801 1779 865 1825 uon
888 1758 1036 1825 irritavit
1058 1760 1116 1825 sed
1136 1760 1245 1840 potius
1265 1759 1389 1825 animos

231 1868 348 1935 civium
371 1868 512 1951 sedavit,
537 1869 591 1948 qui
615 1869 749 1934 iniurias
770 1888 791 1934 a
811 1870 906 1935 sociis
935 1874 1013 1935 ante
1035 1869 1148 1935 illatas
1165 1869 1328 1935 recordati
1347 1871 1388 1933 ab

230 1978 288 2043 illa
318 1976 550 2043 Demosthenis
569 1978 739 2061 rogatione
762 1980 991 2045 abhorrebant.
1035 1977 1077 2044 cf.
1111 1978 1193 2043 Plut.
1224 1978 1390 2045 Demosth.

231 2104 300 2167 cap.
321 2084 429 2169 XVII.

332 2193 449 2259 lamii
472 2194 535 2261 loci
561 2194 653 2259 nobis
686 2193 897 2259 enumerandi
928 2197 1017 2272 sunt,
1047 2192 1226 2272 quibusda
1253 2194 1389 2259 ducibus

231 2302 285 2381 qui
307 2302 460 2368 civitates
483 2301 628 2368 Graecas
650 2304 691 2367 ab
714 2303 837 2383 impetu
850 2301 1062 2367 Macedonum
1083 2301 1307 2383 defenderunt,
1332 2302 1391 2367 ini-

231 2428 292 2490 que
315 2410 529 2475 existimatur.
576 2410 648 2493 Qua
678 2416 787 2475 mente
811 2410 923 2475 ineos
948 2409 1050 2475 fuerit
1072 2415 1186 2475 auctor
1208 2410 1388 2491 Plutarchi.

203 2525 205 2531 '
231 2536 271 2583 ex
293 2518 410 2583 iudicio
432 2517 631 2611 intelligitur
654 2519 738 2597 quod
761 2537 834 2599 cap.
855 2517 937 2582 XIV
956 2518 997 2583 de
1014 2517 1156 2583 Charete
1177 2519 1264 2585 tulit.
1309 2517 1390 2584 Nam

231 2645 303 2691 eum
332 2626 437 2691 minus
467 2645 562 2706 quam
594 2641 651 2707 pro
682 2626 782 2707 copiis
815 2628 882 2691 suis
908 2626 1050 2709 gessisse
1080 2626 1125 2690 ibi
1153 2626 1303 2709 legimus:
1335 2630 1387 2692 καὶ

230 2728 371 2824 πλεύσας
404 2732 504 2799 ἐκεῖσε
534 2728 646 2819 Χάρης
676 2728 774 2799 οὐδὲν
812 2728 906 2812 ἄξιον
938 2736 994 2819 τῆς
1031 2728 1202 2819 δυνάμεως
1233 2730 1394 2821 ἔπραττεν

132 2870 135 2877 ·
230 2846 299 2907 κτλ.
342 2842 471 2907 Revera
498 2848 607 2907 autem
641 2842 778 2908 navibus
802 2841 1060 2923 Byzantinorum
1090 2842 1221 2908 adiutus
1250 2844 1386 2911 classem

129 2932 1389 3033 ,ΜΨΜΜΜΜΜΜΜΜ-

230 3074 308 3137 gere
330 3055 454 3137 co'e'git.
501 3057 571 3138 Quo
599 3056 687 3122 iacto
715 3056 893 3138 Byzantini
915 3076 935 3121 a
955 3056 1036 3121 mari
1067 3056 1197 3123 liberati
1219 3063 1315 3122 erant
1336 3074 1390 3138 op·
1420 3092 1425 3101 ·

230 3152 438 3251 pugnatione.
484 3166 525 3233 cf.
550 3168 716 3249 Sohaefer,
737 3168 903 3235 Demosth.
925 3167 960 3232 Il
982 3172 1045 3233 476
1068 3186 1112 3248 sq,

332 3274 431 3341 Aliud
443 3276 695 3342 malevolentiae
706 3279 741 3341 et
751 3276 1001 3343 obtrectationis
1011 3276 1190 3357 exemplum
1200 3274 1389 3357 cap.XXVl

229 3384 380 3449 occurrit.
392 3384 484 3449 Bello
498 3384 652 3449 Lamiaco
664 3384 733 3449 loco
744 3383 940 3450 Leosthenis
953 3384 1112 3449 demortui
1121 3385 1177 3476 qui
1191 3384 1388 3450 Graecorum

229 3490 391 3572 peditatui
403 3492 602 3573 praefuerat,
615 3491 818 3573 Antiphilum
829 3492 999 3557 suffectum
1009 3510 1079 3557 esse
1089 3499 1200 3557 notum
1209 3497 1270 3558 est.
1292 3491 1389 3557 Meno

230 3601 407 3666 Thessalus
417 3606 485 3666 tum
496 3600 656 3680 equitatui
670 3618 779 3674 eorum
788 3601 993 3683 praepositus
1006 3604 1088 3666 erat.
1111 3599 1211 3666 Initio
1221 3600 1309 3666 illius
1318 3618 1388 3681 cap.

229 3707 345 3773 'XXVI
369 3707 513 3774 Graecos
541 3709 628 3789 apud
651 3708 854 3793 Crannonem
875 3709 916 3773 ah
941 3708 1087 3774 hostibus
1109 3708 1214 3775 victos
1243 3703 1392 3796 ἀπειθείᾳ

229 3812 314 3901 πρὸς
335 3813 412 3892 τοὺς
442 3810 602 3901 ἄρχοντας
624 3835 667 3881 sc.
690 3816 893 3907 Antiphilam
917 3821 952 3881 et
973 3805 1142 3883 Menbbcm
1165 3815 1314 3893 ἐπιεικεῖς
1336 3818 1388 3881 καὶ

229 3925 324 4002 νέους
350 3918 449 4001 ὄντας
471 3928 540 3989 κτλ.
572 3923 757 4015 libertatem
790 3923 974 4005 turpissime
1000 3924 1180 4005 prodidisse
1207 3924 1292 4005 apud
1313 3924 1388 3989 Plu·

229 4033 378 4098 tarchum
400 4031 546 4115 legimus.
565 4030 728 4113 Quantum
750 4032 831 4098 haec
853 4032 954 4097 verba
974 4050 994 4097 a
1016 4032 1159 4099 veritate
1181 4032 1388 4115 abhorreant,

229 4159 270 4205 ex
292 4160 331 4206 ea
353 4139 570 4221 descriptione
592 4140 721 4205 illarum
741 4158 848 4206 rerum
869 4143 1016 4222 apparet,
1041 4158 1136 4220 quam
1157 4139 1317 4206 Diodorus
1338 4159 1387 4205 rc·
1466 4156 1469 4160 ·

230 4249 334 4329 liquit,
357 4266 450 4328 quem
472 4248 505 4314 in
533 4248 615 4313 libro
637 4232 755 4314 XVIII
776 4248 1007 4331 Hieronymum
1034 4248 1229 4314 Cardianum
1250 4248 1386 4314 iudicem

229 4376 307 4422 sane
333 4376 467 4439 gravem
487 4361 632 4421 secutum
651 4374 722 4422 esse
742 4363 882 4423 constat.
899 4358 939 4422 cf.
951 4358 1055 4422 Reuss
1070 4357 1103 4421 in
1112 4356 1207 4422 libro:
1229 4358 1387 4440 Hierony·

229 4483 369 4530 musvon
381 4464 515 4547 Kardia,
530 4466 641 4531 Berlin
661 4470 753 4531 1876.
797 4464 1014 4547 Hieronymus
1027 4469 1135 4530 autem
1152 4463 1207 4550 (ci.
1223 4464 1318 4534 Diud.
1337 4474 1386 4548 18,

234 4579 281 4655 13,
309 4573 343 4659 6)
366 4590 439 4655 ι1101]
471 4574 572 4637 solunt
603 4562 807 4653 antiphilum
837 4573 996 4642 hunlineln
1034 4574 1159 4639 συνέσει
1194 4579 1389 4668 στρατηγικῇ
