3234 5067
704 480 917 542 *10*

222 644 427 723 expedItioue
451 652 561 711 utitem
588 646 708 711 Phooio
736 646 893 713 modicam
915 666 982 714 rem
1004 644 1197 711 familiarem
1213 662 1303 709 suom
1326 642 1389 708 sibi

226 754 465 833 comparavisse
488 756 566 820 mihi
585 755 732 838 videtur,
751 774 846 835 quam
864 766 942 822 ‘eum
964 754 1146 836 possedisse
1168 752 1232 818 iam
1255 770 1296 816 ex
1317 750 1389 818 vita

222 858 419 927 Plutarchus
453 863 523 945 ipsu
557 869 710 946 apparet.
754 862 806 947 (cf.
841 883 912 945 cap.
939 862 1005 928 VII
1035 862 1075 927 de
1104 878 1167 941 quo
1198 877 1296 941 supra
1323 858 1387 922 iarn

223 968 345 1033 dictum
368 976 420 1035 est
441 975 475 1036 et
494 990 562 1053 cap.
580 978 621 1037 20
640 971 679 1037 de
704 971 769 1037 filio
787 970 980 1053 Phocionis).
1024 970 1075 1035 Dc
1095 971 1302 1051 paupertate,
1323 985 1388 1047 que

224 1074 344 1142 PhocIo
375 1078 477 1145 fuisse
507 1080 639 1161 dicitur,
673 1080 753 1145 bene
784 1080 935 1162 Bernays
963 1079 995 1144 in
1019 1078 1119 1148 libro:
1150 1064 1294 1144 Phocion
1323 1074 1387 1141 und

222 1184 312 1251 scine
334 1205 475 1253 neuereu
499 1188 706 1254 Beurtheiler
726 1207 778 1271 pg.
806 1193 865 1254 128
889 1186 1051 1253 disseruit.

325 1293 459 1360 Minoris
481 1296 635 1361 momenti
654 1296 688 1361 id
710 1299 872 1378 putamus
895 1296 980 1377 quod
1000 1295 1035 1361 iu
1058 1294 1131 1360 vite.
1152 1292 1304 1359 omissum
1326 1295 1387 1372 est,

224 1400 417 1468 Phocionem
449 1404 575 1483 aliquot
606 1404 670 1470 ium
700 1404 794 1470 annuis
828 1408 907 1471 cute
937 1405 978 1470 ol.
1011 1409 1081 1491 105,
1107 1408 1123 1468 1
1152 1418 1238 1467 ouuo
1268 1404 1332 1466 360
1353 1398 1386 1464 in

220 1509 354 1575 eundem
380 1530 490 1595 regem
520 1514 702 1593 profectum
732 1532 805 1579 esse
829 1518 863 1578 et
888 1514 974 1594 apud
996 1514 1157 1577 Atomam
1188 1508 1387 1579 exadversus

221 1616 361 1682 Lesbum
393 1618 532 1685 Insulam
560 1620 770 1685 Athenodoro
790 1620 913 1686 'Imbrio
943 1620 1069 1686 cladem
1092 1618 1259 1698 attulisse,
1290 1617 1386 1698 paolo

218 1731 387 1806 postcom
419 1728 529 1793 eodem
558 1746 765 1811 congressum
795 1726 1027 1795 detrimentum
1057 1726 1233 1807 occepisse.
1276 1725 1317 1790 cf.
1345 1724 1385 1789 de

216 1834 276 1899 hoc
306 1854 341 1900 re
374 1835 544 1918 selaeseu,
576 1836 816 1915 Demosthenes
839 1838 955 1918 1137,
984 1854 1031 1915 sq.
1084 1836 1242 1901 Fortasse
1271 1838 1387 1899 unctor

189 1970 191 1975 ·
219 1942 388 2009 Plutarchi
408 1946 494 2010 hanc
512 1963 579 2010 rem
602 1946 722 2011 ichrco
746 1946 877 2013 silentio
899 1944 1087 2026 proeteriit,
1117 1962 1158 2030 ne
1182 1943 1309 2008 laudem
1329 1941 1385 2007 lm-

217 2052 414 2131 peratorium
441 2051 623 2136 Phocionis
648 2071 744 2135 quam
767 2072 839 2119 eum
862 2052 993 2119 euulsse
1016 2071 1114 2134 snpra
1136 2050 1288 2134 vidimus,
1316 2050 1385 2131 ipse

122 2159 124 2168 '
182 2243 187 2254 .
220 2158 456 2225 hnminuerct.‘

323 2266 522 2350 Magnopere
548 2281 658 2333 autem
677 2269 900 2334 admirandum
919 2274 980 2350 est,
992 2269 1076 2348 quod
1089 2266 1279 2349 Aeschines,
1294 2285 1384 2332 ecer-

215 2372 318 2439 rimus
340 2374 396 2440 ille
416 2376 646 2442 Demosthenis
663 2376 882 2458 adversarius,
904 2377 958 2457 qui
981 2376 1156 2442 earundem
1170 2374 1312 2456 partium
1334 2379 1383 2440 at·

219 2499 280 2559 que
298 2480 418 2548 Phoeio
439 2483 519 2564 fuit,
552 2483 586 2549 in
609 2483 679 2550 vita
703 2485 916 2567 Plutaroheo,
939 2486 1002 2551 etsi
1024 2486 1074 2549 bis
1097 2482 1224 2550 occasio
1244 2481 1314 2552 eius
1335 2481 1384 2547 rei

218 2588 298 2653 date.
321 2594 402 2670 crat,
426 2591 514 2656 nullo
537 2592 607 2657 loco
628 2598 905 2660 commemoratur.
950 2595 1061 2673 Atque
1084 2592 1144 2657 hoc
1165 2590 1270 2673 magis
1289 2590 1322 2655 in
1346 2608 1383 2656 eo

220 2695 404 2781 offenditur,
421 2702 507 2778 quod
530 2699 563 2763 in
587 2700 694 2781 capite
708 2700 794 2765 XIII
817 2700 927 2781 plnres
941 2699 1085 2780 alioquin
1108 2697 1212 2782 ignoti
1223 2697 1382 2768 homines:

219 2802 370 2887 Thallus
394 2804 514 2871 sinoce
535 2806 636 2889 filins,
654 2806 818 2891 Glaucus²
842 2809 1028 2892 PolymediS
1050 2808 1151 2889 lilius,
1182 2805 1384 2887 Cleophanes

219 2912 348 2991 quidam
383 2914 606 2999 nominentur,
630 2916 804 2983 Aeschinis
833 2936 965 2999 nomeu,
989 2917 1044 2999 qui
1070 2921 1204 2998 propter
1232 2914 1382 2982 eximium

217 3020 442 3086 tortitudinem
464 3022 499 3087 in
522 3041 632 3107 pugna
654 3024 696 3089 ud
716 3026 883 3109 Tamyras
912 3025 1081 3091 commissa
1104 3042 1224 3090 corona
1243 3023 1384 3089 donatus

220 3134 271 3194 est
299 3128 351 3211 (cf.
380 3117 562 3197 'Aeschines
585 3132 618 3197 II
643 3138 765 3198 167-
793 3140 851 3199 171
876 3139 911 3199 et
933 3133 1104 3214 Schael'er,
1128 3130 1384 3197 Demostenesl

221 3242 305 3319 ⁴212),
327 3258 389 3303 nou
415 3238 590 3307 invenitur.

321 3347 438 3413 Altero
461 3349 656 3414 Aeschinem
687 3349 874 3415 nominandi
907 3350 1034 3414 occasIo
1056 3348 1121 3413 iam
1149 3365 1248 3428 supra
1270 3345 1384 3411 obluta

166 3452 168 3457 ’
216 3458 289 3519 emt
309 3454 343 3520 in
370 3474 442 3537 cap.
465 3456 498 3520 X
521 3462 595 3538 post
629 3457 993 3540 illudapophthegma,
1023 3456 1108 3537 quod
1131 3454 1239 3521 verbis
1267 3448 1391 3539 edocui

217 3563 296 3625 πᾶσι
322 3562 375 3647 καὶ
398 3560 513 3628 κοινὸν
536 3566 589 3629 καὶ
617 3558 863 3649 φιλάνθρωπον
890 3559 1008 3630 ἑαυτὸν
1034 3576 1196 3647 παρεῖχεν,
1222 3556 1382 3627 ὥστεκαὶ

215 3670 367 3734 πταίσασι
380 3674 516 3756 βοηθεῖν
527 3674 580 3737 καὶ
591 3667 822 3739 κινδυνεύουσι
844 3666 1112 3756 συνεξετάζεσθαι
1126 3683 1196 3747 τοῖς
1212 3662 1386 3754 διαφόροις

218 3776 330 3842 finitur
348 3778 393 3860 (in
411 3779 475 3845 fine
496 3781 543 3847 ill.
567 3784 662 3867 caph.
678 3783 761 3849 Nem
781 3780 901 3847 Phoeio
923 3786 1055 3863 praeter
1077 3780 1169 3862 ulios
1192 3778 1219 3845 si
1242 3778 1275 3843 id
1298 3779 1383 3858 qnod

220 3885 432 3953 aPlutercho
455 3894 610 3955 narretur
626 3909 737 3957 verum
759 3896 820 3971 est,
833 3889 932 3955 etiam
949 3888 1103 3956 Aeschini
1124 3908 1145 3954 a
1165 3888 1385 3953 Demosthene

221 3994 397 4077 legationis
428 3996 534 4063 falsae
565 4003 720 4064 accusato
743 3999 775 4066 in
806 3998 923 4064 iudicio
945 3998 1052 4064 adfuit
1077 4009 1178 4077 atque
1198 3994 1321 4077 effecit,
1349 3995 1385 4061 ut

219 4103 275 4169 ille
303 4104 539 4171 absolveretur.
578 4106 619 4171 cf.
644 4106 815 4188 Schaefcr,
842 4106 1078 4172 Demosthenes
1103 4105 1238 4186 11382,
1265 4108 1327 4169 386
1351 4108 1385 4169 et

220 4212 358 4293 saepius.
392 4242 394 4247 ·
622 4232 624 4236 ·

330 4320 452 4401 Quibus
474 4321 514 4386 de
534 4322 642 4387 causis
671 4327 786 4388 auctor
809 4322 980 4389 Plutarchi
1001 4323 1042 4389 de
1061 4320 1225 4388 Aeschine
1254 4340 1385 4403 prorsus

224 4424 365 4508 siluerit,
387 4427 565 4495 diiudicare
594 4448 656 4497 non
679 4430 844 4500 sudemus.
894 4432 992 4500 Certe
1018 4431 1101 4497 haec
1122 4448 1176 4497 res
1196 4448 1383 4497 commemo-

223 4533 351 4605 ratione
371 4535 470 4623 digna
491 4541 550 4603 est.
