3234 5067
710 588 926 649 -14-

234 753 288 817 καὶ
312 745 447 838 ἀνδρεία
469 753 628 837 insignem
660 755 740 820 dicit
765 757 823 822 sed
850 756 954 822 etiam
986 754 1142 822 civitates
1172 756 1399 822 (1111111111-

236 867 358 941 quanto
380 867 455 943 post
471 878 614 945 pugnam
636 863 725 931 illam
749 870 783 930 et
800 865 834 932 vi
856 870 892 930 et
906 863 1034 931 artibus
1053 864 1221 945 Antipatri
1240 864 1400 931 adductas
1427 913 1430 922 .

236 988 349 1051 pacem
378 969 509 1050 petisse.
558 968 600 1035 11.
624 969 719 1038 Diod.
746 976 873 1055 18,17,
893 976 1005 1038 6-8.
1046 958 1156 1055 Quare
1174 971 1254 1039 illud
1277 972 1398 1039 crimen

234 1076 403 1155 ἐπιεικείας
433 1079 487 1143 καὶ
503 1151 504 1160 ,
520 1071 674 1164 νεότητος
702 1098 807 1161 neque
851 1079 1056 1165 Antiphilam
1094 1098 1199 1162 neque
1228 1082 1398 1148 Meuonem

234 1186 367 1253 meritos
402 1204 473 1251 esse
504 1204 626 1269 negare
659 1188 950 1273 111111111111.
999 1188 1096 1255 ilerte
1126 1183 1339 1271 PlutarchuS,
1370 1190 1399 1255 si

234 1294 465 1377 Hieronymum
486 1300 618 1362 secutus
642 1303 743 1379 esset,
775 1317 837 1365 111
860 1299 900 1363 de
923 1297 991 1363 illis
1013 1285 1098 1364 viris
1113 1316 1174 1366 nec
1197 1299 1238 1364 de
1261 1298 1398 1365 Graecis

234 1407 302 1468 tam
321 1400 430 1481 inique
453 1401 639 1468 iudicasset.

336 1510 456 1575 Restat
476 1515 513 1576 ut
535 1510 611 1591 quid
639 1516 756 1577 auctor
782 1512 954 1578 Plutarchi
975 1512 1103 1597 omnino
1124 1512 1165 1577 de
1187 1512 1411 1594 popularibus⁸

233 1617 427 1685 iudicaverit
449 1617 562 1701 paucis
584 1636 790 1702 exponamus,
864 1632 868 1639 ·

336 1728 385 1792 Ac
405 1724 540 1807 primum
563 1726 702 1806 quidem
717 1745 779 1792 uon
803 1726 935 1793 dubium
954 1734 1018 1811 est,
1039 1728 1115 1807 quin
1138 1726 1195 1794 ille
1220 1728 1260 1793 de
1281 1727 1323 1795 iis
1343 1728 1398 1793 de·

235 1834 387 1901 trahendi
407 1853 507 1901 causa
529 1835 761 1902 contumeliose
791 1835 1013 1915 malediceque
1040 1835 1170 1901 dixerit.
1211 1835 1294 1902 Nam
1316 1835 1399 1905 med.

234 1963 304 2025 eap.
332 1943 414 2009 XVI
445 1945 666 2028 θορυβοποιοὶ
698 1946 751 2009 καὶ
784 1946 995 2028 νεωτερισταί
1028 1943 1051 2009 ii
1083 1944 1308 2026 appellantur,
1344 1945 1398 2023 qui

236 2070 429 2133 quamquam
450 2052 493 2117 ad
511 2051 733 2119 Chaeroneam
753 2051 863 2133 iniquo
885 2051 994 2118 Marte
1014 2070 1036 2118 a
1057 2051 1194 2117 Graecis
1216 2057 1398 2135 pugnatum

234 2166 317 2243 erat,
338 2167 448 2227 tamen
471 2178 580 2225 amore
602 2159 767 2226 libertatis
787 2160 912 2226 incensi
937 2159 1148 2243 flagitabant,
1173 2159 1398 2230 111111111-

234 2270 423 2335 sisteretur:
458 2269 641 2355 Γενομένης
668 2269 705 2332 dh
728 2261 819 2355 ἥτιης
847 2270 992 2333 καὶτῶν
1016 2270 1254 2351 θορυβοποιῶν
1277 2270 1329 2333 καὶ
1351 2292 1398 2334 νε-

235 2380 424 2462 ωτεριστῶν
454 2375 489 2441 ἐν
523 2370 611 2441 ἄστει
645 2374 706 2441 τὸν
739 2376 930 2463 Χαρίδημον
963 2368 1121 2441 ἑλκόντσν
1150 2373 1203 2441 ἐπὶ
1232 2380 1318 2464 βῆμα
1345 2378 1398 2441 καὶ

233 2498 422 2573 στρατηγεῖν
444 2478 632 2565 ἀξιούντων
663 2476 876 2571 ἐφοβήθησαν
898 2481 928 2549 οἱ
950 2484 1122 2562 βέλτιστοι.
1168 2483 1207 2550 In
1229 2484 1293 2551 fine
1327 2504 1398 2567 cap.

235 2602 276 2661 20
297 2596 337 2660 de
356 2592 565 2675 popularibus
589 2592 677 2658 hisce
697 2592 806 2657 verbis
824 2597 992 2659 narratur:
1016 2642 1023 2657 .
1048 2642 1056 2658 .
1079 2641 1087 2657 .
1111 2642 1119 2658 .
1142 2588 1221 2669 τούς
1243 2589 1278 2657 di
1298 2598 1399 2658 κολυ-

232 2694 423 2787 τιράγμονοις
443 2702 496 2765 καὶ
518 2694 734 2786 νεωτεριστὰς
756 2694 849 2787 αὐτῷ
864 2694 969 2787 τῴμὴ
989 2694 1100 2785 ἄρχειν
1133 2699 1212 2786 μηδὲ
1241 2704 1399 2784 θορυβεῖν

231 2801 555 2895 οἷπσμοιραινομέμους
575 2802 701 2887 totoue&
728 2812 928 2893 φιλοχωρεῖν
950 2809 1004 2872 καὶ
1031 2802 1398 2893 α’γοιπᾶνγεωργοῦντας.

236 2919 368 3003 Quanta
391 2916 557 2985 acerbitas
588 2918 702 2983 horum
723 2918 894 2983 verborum
917 2920 952 2981 11
970 2915 1074 2983 ironia
1092 2916 1149 3000 sit,
1173 2917 1332 2983 nemiuem
1352 2917 1399 2983 la·
1490 2930 1493 2935 ·

232 3034 293 3095 tet.
341 3026 501 3092 Omnibus
527 3029 639 3091 notum
661 3028 727 3108 est,
756 3024 969 3109 Antipatrum
998 3029 1073 3106 post
1092 3043 1235 3109 pugnam
1257 3026 1300 3092 ad
1321 3026 1398 3092 Cra·

234 3152 351 3201 nonem
374 3154 413 3201 ea
435 3134 620 3201 conditione
648 3152 719 3199 cum
749 3133 1005 3201 Atheniensibus
1033 3152 1146 3216 pacem
1173 3135 1398 3219 composuisse,

234 3250 272 3310 ut
293 3263 402 3310 omnes
425 3262 559 3323 quorum
582 3261 698 3309 census
714 3230 836 3309 'minus
864 3243 926 3309 duo
956 3241 1047 3307 milia
1069 3241 1294 3309 drachmarum
1317 3247 1398 3320 erat,

234 3351 372 3418 civitate
393 3351 610 3433 privarentur.
656 3350 726 3433 Quo
749 3350 873 3416 facturn
897 3355 964 3431 est,
1002 3353 1040 3415 ut
1061 3348 1195 3414 Diodori
1213 3349 1398 3415 testimonio

234 3462 300 3544 (lib.
326 3467 366 3527 18
387 3480 413 3526 1.
439 3463 516 3545 18§
538 3460 571 3546 t)
593 3458 732 3540 amplius
760 3458 928 3525 duodecim
959 3456 1050 3523 milia
1074 3456 1193 3523 civium
1220 3475 1282 3524 uuo
1308 3458 1399 3525 velut

234 3570 304 3650 ictu
329 3568 438 3649 capite
467 3566 739 3647 diminuerentur,
772 3585 887 3633 novem
914 3563 1003 3630 milia
1038 3564 1201 3647 integram
1228 3565 1397 3631 civitatem

234 3677 426 3742 retinerent.
454 3674 510 3741 Illi
519 3674 627 3756 capite
640 3674 791 3740 diminuti
806 3674 893 3756 apud
905 3672 1117 3739 Plutarchum
1128 3665 1400 3760 πολυπράγμονες
1432 3693 1436 3702 “

235 3787 287 3851 καὶ
310 3785 519 3869 νεωτερισταὶ
541 3788 701 3850 vocantur
723 3801 841 3863 eosque
873 3781 1034 3848 servitute
1057 3782 1264 3848 assuefacere
1283 3801 1399 3849 memo-

235 3896 379 3974 riamque
402 3892 576 3974 superioris
589 3891 784 3960 conditionis
805 3889 974 3956 inanimis
994 3909 1104 3957 eorum
1124 3891 1343 3975 exstinguere,
1366 3891 1397 3957 id

235 4008 363 4084 auctor,
387 4020 481 4083 quem
503 4001 700 4067 Plutarchus
717 4006 849 4067 secutus
870 4005 930 4077 est,
953 3992 1117 4065 διδάσκειν
1139 4005 1336 4085 φιλοχωρεῖν
1345 4000 1397 4064 καὶ

234 4109 365 4199 ἀγαπᾶν
393 4112 615 4197 γεωργοῦντας
646 4109 736 4176 dieii.
779 4108 888 4191 Quid?
920 4107 1004 4189 quod
1034 4112 1149 4174 audior
1174 4106 1343 4174 Plutarchi
1364 4096 1397 4172 in

236 4224 542 4301 ’1111111111128
571 4218 716 4284 homines
745 4217 819 4284 illos
844 4217 982 4284 civitate
1011 4217 1105 4283 orbos
1134 4220 1168 4281 et
1195 4216 1228 4281 in
1249 4215 1398 4281 exsilium
1447 4231 1449 4235 ·

235 4330 356 4394 eiectos
375 4328 536 4393 horrenda
560 4330 593 4393 et
629 4326 764 4411 indigna
785 4325 857 4408 pati
886 4323 948 4391 sibi
969 4324 1074 4391 videri
1093 4317 1247 4410 (ἐδόκουν
1270 4318 1398 4409 σχέτλια

234 4460 289 4501 και
304 4431 405 4521 ’ἄτιμα
423 4429 573 4521 πάσχειν)
583 4434 668 4501 dorni
680 4439 791 4501 autem
806 4439 1014 4500 remanentes
1029 4426 1399 4519 ,ἐκπεπολιορκημένοις

236 4537 403 4629 ἐῴκεσαν(
433 4528 574 4609 scribere
602 4548 833 4625 annueretur,
862 4542 954 4622 quasi
980 4560 1037 4624 pro
1057 4540 1158 4607 nihilo
1178 4548 1267 4607 esset
1294 4536 1396 4624 ,ἄκυ-

235 4652 431 4737 ψηφίςεσθιιι
459 4657 519 4717 τοῦ
544 4645 816 4737 1ι,ιλιτειῐματος“,
844 4668 949 4715 11111
974 4651 1054 4715 liaeo
1082 4651 1183 4716 verba
1205 4655 1397 4731 1111111111
1435 4710 1449 4722 ,,
