3234 5067
711 523 899 583 *6oe

328 687 367 751 In
399 685 532 765 reliquis
565 688 852 771 apophthegmatis
886 689 1077 753 commorari
1105 707 1223 769 operae
1251 687 1389 771 pretium

225 780 289 862 non
311 799 372 879 est,
392 794 476 877 quod
497 813 539 860 ne
562 796 602 860 de
624 814 689 862 una
705 796 834 877 quidem
856 815 918 877 quo
933 800 1062 878 spectet
1084 803 1174 861 certo
1189 794 1253 862 dici
1270 801 1389 877 potest.

226 905 345 971 Confer
365 904 404 969 de
426 905 488 970 hac
506 922 542 969 re
560 904 691 971 Kraner
709 904 743 971 in
757 904 1030 972 adnotationibus
1051 906 1095 971 ad
1110 904 1278 971 etitionem
1300 904 1391 970 vitae

225 1012 406 1085 Phocionis.
451 1012 627 1093 Postquam
644 1014 684 1081 de
707 1013 995 1097 apophthegmatis
1017 1032 1101 1095 quae
1123 1013 1157 1080 in
1180 1032 1273 1095 capp.
1294 1013 1389 1080 IV·-

222 1105 275 1191 Xl
297 1120 509 1188 inveniuntur
529 1126 564 1191 ot
583 1124 790 1202 quamohrem
812 1122 847 1187 in
870 1123 932 1188 hac
954 1122 1045 1189 vitae
1064 1127 1160 1205 parte
1177 1142 1198 1188 a
1214 1122 1390 1189 Plutarcho

199 1212 201 1225 ’
225 1230 440 1312 interpositae
462 1241 534 1294 esse
557 1228 746 1313 videantur,
779 1232 862 1297 haec
885 1230 1104 1313 exposuimus,
1132 1230 1235 1297 vitam
1259 1248 1390 1313 percen-

225 1358 298 1407 sere
319 1337 447 1423 longius
467 1356 648 1421 pergameo.

328 1469 408 1535 Inde
429 1486 450 1534 a
472 1467 581 1551 capite
603 1466 672 1533 XII
694 1467 893 1534 Plutarchus
914 1486 967 1533 res
998 1486 1081 1549 quas
1101 1466 1221 1534 Phooio
1241 1467 1274 1535 in
1297 1488 1395 1552 expe-

225 1576 347 1643 ditione
380 1576 414 1642 in
442 1594 538 1656 quam
560 1595 580 1642 a
602 1575 728 1643 civibus
759 1576 794 1641 in
825 1575 993 1642 Euboeam
1021 1574 1138 1643 missus
1160 1580 1225 1658 est,
1256 1581 1291 1641 et
1313 1596 1395 1657 quas
1446 1670 1449 1674 ,

226 1690 341 1767 postea
363 1684 477 1768 gessit,
502 1703 605 1764 usque
626 1684 668 1750 ad
689 1690 870 1751 extremum
892 1684 1090 1767 exsequitur,
1115 1685 1172 1751 sed
1194 1684 1253 1766 ita,
1275 1689 1314 1751 nt
1334 1685 1394 1767 his,

205 1794 262 1861 ¹in
294 1812 387 1875 capp.
420 1796 584 1860 lacteo
617 1792 1127 1860 rerumcontextumdissolrat.
1181 1792 1294 1860 Priore
1324 1794 1395 1861 loco
1477 1799 1480 1802 ’
1611 1789 1613 1813 ⁸

227 1903 268 1968 de
290 1900 453 1982 uxoribus
476 1918 557 1981 quas
575 1891 696 1967 Phooio
720 1902 844 1983 hahuit,
858 1907 893 1966 et
914 1901 955 1966 de
971 1900 1038 1966 filio
1057 1901 1126 1966 eius
1142 1905 1268 1984 narrat,
1286 1902 1393 1969 altero

143 2004 146 2009 ”
226 2011 296 2076 loco
315 2010 349 2075 in
374 2028 444 2091 cap.
470 2014 511 2076 30
535 2008 611 2075 inde
632 2030 652 2075 a
675 2008 783 2075 verbis
814 2011 866 2073 καὶ
897 2011 1010 2093 μέντοι
1045 2009 1189 2074 Φωκίων
1214 2048 1257 2059 -
1282 2028 1395 2097 enypo-

227 2120 382 2204 ppyodmv
403 2117 497 2199 plura
514 2117 796 2200 apophthegmata
820 2119 860 2184 de
881 2116 1029 2183 Demade
1051 2116 1241 2199 interponit.

331 2246 476 2313 Sintenis
498 2248 532 2312 in
563 2247 769 2329 praefatione
797 2250 840 2315 ad
870 2248 1045 2342 editionem
1074 2249 1219 2316 vitarum
1240 2249 1396 2315 Aristidis

228 2359 263 2421 et
282 2354 416 2421 Catonis
429 2354 641 2422 Plutarchum
656 2357 842 2438 praestanti
856 2357 1025 2425 literarum
1041 2356 1181 2424 scientia
1199 2357 1301 2425 fuisse
1312 2376 1395 2425 com-

230 2467 398 2530 memorat.
409 2466 432 2551 ¹)
494 2463 606 2530 Etiam
637 2466 670 2530 in
704 2463 869 2532 Phocione
910 2464 1089 2549 legentium
1130 2465 1234 2533 oculis
1271 2468 1397 2548 aliquot

229 2572 292 2637 loci
312 2576 480 2656 occurunt,
503 2591 583 2653 quos
613 2572 856 2639 recordationes
886 2591 993 2639 rerum
1016 2592 1141 2657 earum,
1162 2593 1244 2655 quas
1266 2574 1396 2643 Plutar-

229 2681 308 2745 chus
338 2678 458 2745 alicubi
484 2681 581 2765 legit,
601 2700 694 2747 nemo
723 2699 785 2747 non
818 2700 996 2765 agnoscere
1023 2686 1142 2764 potest.
1189 2684 1229 2751 In
1256 2685 1317 2751 hoc
1339 2704 1397 2752 nu·

231 2807 317 2854 mero
340 2793 417 2855 sunt
438 2790 541 2856 rerba
563 2789 638 2871 illa,
673 2793 756 2869 quae
786 2788 820 2856 in
843 2788 908 2855 fine
930 2790 1049 2872 capitis
1064 2790 1112 2856 VI
1136 2791 1212 2857 inde
1234 2811 1256 2858 a
1277 2785 1397 2859 aod'r‘*

230 2899 283 2963 καὶ
318 2894 377 2985 τὴν
399 2890 512 2985 μάψην
544 2899 716 2981 leguntur3
750 2898 868 2965 deinde
900 2899 994 2966 initio
1026 2899 1145 2981 eapitis
1174 2905 1216 2967 28
1247 2900 1324 2969 inde
1355 2903 1397 2969 ab

229 3000 349 3093 Ἐφάνη
369 3001 410 3087 δὲ,
425 3008 639 3094 oaapp‘mavoo
660 3004 699 3072 τὸ
716 3000 801 3092 πρός
818 3030 925 3093 ταγμα
943 3026 1045 3089 usque
1066 3009 1109 3076 ad
1126 3005 1186 3095 τὴν
1207 3003 1278 3076 ἄνω
1298 3008 1398 3077 πόλιν

234 3110 510 3198 ὀιαφυλάξουσιυ;
540 3118 713 3197 praeterea
739 3133 818 3181 vero
844 3117 905 3182 illa
930 3117 1032 3183 verba
1054 3115 1169 3197 quibus
1195 3116 1230 3183 in
1252 3123 1398 3187 extremo

233 3222 341 3305 capite
359 3230 411 3303 28,
439 3222 625 3289 aestimatio
649 3240 758 3289 eorum
780 3225 968 3312 continetur
988 3224 1043 3305 qui
1064 3224 1107 3289 ah
1122 3224 1299 3306 Antipatro
1321 3224 1397 3292 civi·

102 3400 106 3410 ⁴
234 3335 305 3397 tate
337 3329 460 3414 privati
498 3330 531 3398 in
565 3330 696 3397 exilium
734 3331 832 3399 eiecti
866 3338 955 3414 sunt3
998 3332 1137 3413 denique
1179 3350 1219 3399 ea
1250 3350 1334 3413 quae
1364 3333 1398 3400 in

235 3440 460 3523 prioreparte
491 3439 610 3521 capitis
635 3446 676 3505 29
699 3443 812 3524 (usque
841 3442 884 3507 ad
906 3442 959 3507 καὶ
983 3434 1160 3525 τύραννος)
1178 3445 1213 3507 et
1234 3440 1268 3507 in
1289 3441 1398 3524 capite

233 3556 274 3615 30
293 3548 370 3615 inde
386 3567 407 3613 a
425 3549 477 3613 acl
496 3548 609 3632 μέντοι
625 3550 768 3615 Φωκίων
798 3549 959 3629 usquead
980 3550 1235 3635 συγχορηγοῦσιν
1264 3567 1398 3617 narran-

199 3712 201 3717 ,
234 3659 297 3725 tur.
342 3654 415 3721 Hoc
438 3654 570 3737 insuper
593 3655 693 3722 etiarn
716 3674 827 3722 ornnes
857 3654 920 3721 loci
942 3656 1117 3738 accedunt,
1148 3656 1263 3735 quibus
1283 3656 1400 3733 inde,a

235 3783 305 3847 cap.
330 3769 369 3831 23
390 3782 443 3830 res
466 3764 686 3849 attinguntur,
710 3784 794 3845 quae
823 3768 918 3830 extra
947 3764 1060 3830 urbem
1081 3763 1115 3829 in
1138 3764 1222 3830 bello
1243 3765 1400 3833 Lamiaco

234 3879 351 3957 gestae
374 3878 460 3939 sunt.
505 3872 556 3937 De
578 3872 628 3938 his
651 3873 730 3938 locis
747 3872 899 3953 quoniam
918 3876 993 3955 post
1014 3873 1086 3938 fuse
1109 3872 1262 3957 dicemus,
1290 3893 1399 3957 super·

236 4000 415 4051 vacaneum
438 3985 538 4062 atque
561 3980 677 4047 inutile
706 3986 773 4064 est,
803 4000 858 4047 eos
881 3981 946 4047 iam
965 3981 1017 4047 hic
1046 3999 1245 4048 enumerare.
1297 3981 1399 4064 Quem
1418 4008 1420 4013 ·

236 4096 401 4159 auctorem
420 4109 483 4157 uno
507 4107 631 4171 quoque
650 4090 719 4155 loco
741 4089 939 4156 Plutarchus
966 4094 1098 4155 secutus
1121 4089 1174 4172 sit,
1197 4088 1285 4156 infra
1307 4090 1399 4188 doce·

235 4200 349 4281 bimus,
372 4199 478 4280 quoad
501 4199 629 4279 quidem
651 4198 720 4263 eius
742 4198 854 4264 fecere
876 4215 1055 4279 possumus.
1099 4197 1400 4285 Niebuhrius(Vor·

237 4312 333 4389 mage
356 4309 408 4373 db.
439 4306 519 4373 Alte
546 4306 663 4372 (lesch.
687 4306 721 4371 lI
745 4312 829 4389 359),
862 4305 1058 4377 Sintenisius
1074 4306 1096 4371 l.
1120 4324 1147 4371 c.
1171 4304 1302 4387 'aliique
1323 4306 1400 4373 Plu·
1457 4385 1459 4388 ,

341 4498 363 4563 1)
382 4498 511 4554 Sintenia:
540 4498 677 4555 Plutarchi
703 4498 832 4555 Aristidis
857 4499 911 4555 und
936 4499 1012 4567 Cato,
1043 4501 1067 4554 3.
1091 4499 1160 4556 Aul.
1194 4515 1246 4554 von
1276 4499 1400 4559 Horcher.

239 4586 308 4642 Berl.
331 4586 403 4642 1870.
