3234 5067
672 568 887 628 „15-

205 730 331 797 Deinde
354 730 489 796 eundem
503 748 574 796 cum
596 730 671 799 aliis
691 733 814 817 legatis
829 736 871 800 ad
889 735 1098 816 Antipatrum
1111 733 1229 800 iterum
1244 734 1364 805 abiisse

204 838 485 917 Atheniensesque
515 838 545 904 ei
572 840 792 907 Xenocratem
835 842 1014 926 collegam*
1031 841 1206 925 legationis
1236 842 1378 925 dedisse,

204 950 286 1027 (cap.
309 945 441 1010 XXVII
464 945 531 1032 im).
588 952 751 1015 Τοσοῦτον
772 946 834 1035 γὰρ
857 973 898 1035 qv
920 947 1049 1035 α’ξίοομα
1071 952 1127 1035 τῆς
1163 944 1278 1036 ἀρετῆς
1302 948 1363 1016 roc

206 1046 432 1138 Ξενοκράτους
460 1056 514 1119 καί
544 1048 625 1134 δόξα
658 1058 712 1121 καὶ
741 1048 837 1141 λόγος
866 1053 957 1141 παρὰ
984 1060 1085 1121 πᾶσιν
1109 1061 1180 1123 κτλ.
1229 1057 1281 1122 Ex
1302 1076 1364 1137 quo

202 1162 416 1245 intellegitur,
438 1163 657 1231 Athenienses
676 1184 800 1230 omnem
822 1184 911 1247 spem
928 1164 1068 1231 leniores
1089 1166 1180 1245 pacis
1201 1166 1358 1233 condicio·

203 1288 261 1335 nes
285 1269 480 1351 impetrandi
504 1270 537 1335 ln
560 1273 759 1339 auctoritate
785 1273 983 1340 Xenocratis
1000 1272 1182 1355 philosophi
1204 1276 1364 1341 eiusdem-

206 1395 267 1456 que
305 1378 514 1457 inquilini-
535 1397 610 1445 nam
642 1380 846 1448 calchedone
873 1385 972 1448 natus
1001 1386 1129 1447 erat-
1154 1381 1299 1463 posuisse
1328 1390 1363 1449 et

201 1487 243 1550 ah
264 1500 304 1551 veo
324 1491 542 1570 exspectasse,
554 1494 591 1553 ut
613 1508 681 1555 rem
704 1488 867 1570 publicam
884 1490 926 1554 ab
941 1488 1087 1571 interitu,
1106 1487 1140 1553 in
1154 1507 1247 1575 quem
1267 1490 1363 1571 culpa

200 1594 328 1661 illorum
358 1598 523 1660 oratorum
557 1604 645 1663 esset
672 1598 795 1680 delata,
825 1597 1019 1663 retraheret.
1061 1596 1099 1661 In
1133 1596 1197 1663 fine
1226 1598 1363 1678 denique

203 1720 273 1783 cap.
297 1706 337 1768 29
360 1703 445 1768 idem
466 1704 674 1787 philosophus
693 1706 732 1771 iis
755 1706 936 1787 opponitur,
960 1706 1014 1783 qui
1027 1705 1069 1771 ah
1086 1704 1263 1785 Antipatro
1284 1704 1362 1770 civi·

203 1815 275 1875 tate
305 1810 426 1893 privati
453 1818 557 1879 erant.
601 1814 757 1880 Phocioui
786 1814 844 1879 illo
875 1814 945 1879 loco
967 1813 1057 1879 laudi
1078 1812 1248 1895 tribuitur,
1278 1814 1362 1894 quod

201 1937 256 1984 eos
279 1919 348 1984 t'oro
371 1923 471 1998 atque
493 1908 740 2003 magistratibus
762 1922 900 1987 arcebat
920 1926 955 1985 et
976 1920 1008 1985 iu
1033 1938 1071 1985 ea
1090 1919 1280 1986 condicione
1307 1938 1359 1987 ac·

130 2014 137 2027 ⁴
203 2028 367 2107 quiescere
395 2028 534 2109 cogebat
555 2029 588 2094 in
611 2048 674 2109 qua
693 2028 863 2111 Antipatri
885 2028 973 2094 iussu
995 2033 1099 2093 erant.
1145 2024 1362 2093 Xenocratem

201 2120 310 2201 autem
332 2134 365 2199 iu
388 2153 553 2202 numerum
576 2135 693 2203 civium
712 2137 873 2205 asciscere
896 2136 1008 2216 voluit.
1080 2187 1083 2193 .

306 2242 464 2325 Quoniam
489 2243 590 2326 igitur
613 2244 647 2309 iri
670 2245 833 2311 Phocione
863 2264 980 2329 operae
1010 2248 1044 2309 et
1061 2230 1196 2309 consilia
1224 2241 1361 2323 philoso-

202 2352 336 2431 phorum
366 2356 466 2432 atque
494 2352 621 2418 omnino
643 2354 805 2421 hominum
831 2352 1034 2437 philosophia
1065 2350 1264 2418 eruditorum
1290 2368 1360 2415 curu

202 2458 384 2526 oratoribus
412 2464 446 2524 et
475 2461 573 2543 vulgo
601 2461 730 2527 indocto
761 2463 875 2528 crebro
909 2465 1155 2542 comparantur,
1186 2457 1362 2539 cacapite

203 2568 316 2645 quihus
338 2568 398 2633 hoc
420 2567 545 2649 factum
567 2574 634 2651 est,
660 2569 744 2635 fonti
771 2569 944 2651 principali
971 2587 1065 2649 quem
1085 2567 1283 2682 Plutafc'hus
1305 2566 1360 2633 ha·

200 2675 284 2756 huit,
317 2675 469 2741 universa
499 2676 713 2759 ascripsimus.
764 2678 835 2744 Non
869 2678 1010 2744 alienum
1046 2676 1177 2742 videtur
1204 2676 1360 2741 essehoc

200 2782 279 2864 loco,
303 2782 336 2847 id
358 2783 422 2848 iam
440 2803 600 2865 exponere
622 2785 706 2865 quod
726 2786 766 2851 de
788 2804 928 2865 persona
949 2784 1044 2851 huius
1059 2782 1162 2849 fontis
1184 2802 1225 2848 ex
1247 2782 1361 2850 eadem

201 2892 259 2956 illa
282 2911 318 2957 re
341 2891 451 2975 colligi
473 2897 591 2973 potest.
638 2892 891 2964 considerantes
910 2891 994 2960 enim
1012 2891 1177 2957 nobiseum
1199 2890 1232 2956 iu
1254 2890 1362 2957 animo

128 2989 130 2992 ’
202 3017 256 3065 eos
277 3000 363 3067 locos
381 3000 421 3065 de
440 3001 555 3079 quibus
576 3000 668 3068 modo
692 3001 839 3084 diximus,
859 3003 902 3068 ad
923 3002 1008 3067 hanc
1021 3000 1200 3081 opinionem
1223 2998 1357 3065 adducti

201 3126 322 3190 sumus,
346 3112 383 3173 ut
402 3114 567 3192 putemus,
590 3114 756 3177 auctorem
778 3110 950 3177 Plutarchi
974 3128 1082 3177 eorum
1099 3107 1358 3191 philosophorum

200 3220 335 3297 sectam,
349 3216 464 3297 quibus
485 3215 674 3283 inimicitiae
691 3238 763 3284 cum
784 3219 968 3286 oratoribus
991 3222 1096 3298 erant,
1116 3219 1261 3282 secutum
1279 3234 1359 3297 esse,

201 3324 220 3389 i.
242 3343 268 3390 e.
292 3323 593 3405 Peripateticorum.
640 3324 744 3407 Quam
773 3326 955 3409 opinionem
977 3329 1015 3389 ut
1039 3324 1295 3406 comprobemus
1326 3324 1370 3389 in·

205 3432 372 3499 literarum
395 3431 532 3498 historia
552 3432 678 3498 illorum
702 3438 881 3515 temporum
903 3434 1033 3517 paulum
1056 3449 1293 3516 commoremur
1306 3447 1362 3497 ne·

202 3557 292 3606 cesse
315 3543 375 3605 est.
548 3616 549 3619 Ἴ
955 3588 957 3592 ,

183 3708 185 3713 ,
305 3647 478 3713 Phocionis
496 3652 608 3713 aetate
628 3647 715 3714 inter
736 3652 883 3714 oratores
905 3645 1044 3713 maxime
1067 3644 1176 3712 floruit
1197 3645 1362 3713 Isocrates

203 3755 276 3838 ille,
308 3756 362 3835 qui
383 3756 479 3837 paulo
511 3760 585 3839 post
612 3756 736 3825 cladem
760 3756 802 3822 ad
824 3755 1045 3840 Chaeroneam
1067 3754 1204 3821 Graecis
1224 3756 1361 3823 allatam

204 3864 384 3947 nonaginta
404 3870 477 3929 octo
500 3882 601 3929 annos
628 3868 726 3930 natus
745 3868 901 3931 mortuus
923 3867 983 3931 est.
1026 3863 1069 3929 ci.
1091 3862 1188 3929 Blass
1207 3863 1240 3928 iu
1262 3863 1359 3930 libro:

203 3973 355 4039 Attische
377 3972 625 4039 Beredsamkeit
644 3973 680 4037 ll'
699 3979 749 4040 89.
794 3971 984 4039 sententias
998 3977 1107 4039 autem
1124 3990 1205 4051 quas
1226 3972 1271 4037 de
1288 3976 1360 4038 arte

205 4101 268 4161 qua
297 4082 431 4148 iuvenes
457 4081 668 4162 instituebat,
702 4080 735 4147 in
762 4080 964 4148 orationibus
992 4080 1059 4147 suis
1086 4080 1142 4146 ille
1167 4080 1360 4163 protulerat,

205 4192 341 4272 primum
360 4189 457 4255 Plato
475 4189 601 4255 occulte
618 4188 755 4270 quidem,
773 4190 889 4255 deinde
905 4188 1102 4279 Aristoteles
1109 4192 1226 4269 aperte
1240 4207 1360 4273 oppug-

204 4300 318 4381 nabat,
351 4300 497 4377 quicum
521 4298 661 4363 Athenis
683 4299 724 4361 ab
751 4316 837 4363 anno
860 4302 921 4363 387
943 4317 973 4364 a.
997 4296 1069 4362 Chr.
1091 4315 1123 4362 n.
1148 4314 1247 4376 usque
1268 4298 1310 4364 ad
1332 4317 1359 4364 a.

204 4412 265 4472 347
286 4411 481 4489 moraretur,
500 4407 692 4473 ·lsocratem
719 4406 887 4472 aemulans
915 4403 1110 4471 rhetoricam
1138 4405 1285 4473 docebat.
1317 4406 1359 4472 ci.

206 4513 318 4595 Blass,
349 4516 421 4581 Att.
451 4516 524 4584 Ber.
546 4515 642 4580 1126
667 4534 712 4593 sq.
734 4520 768 4581 et
791 4522 847 4598 59,
870 4519 943 4581 413.
985 4514 1106 4580 Postea
1136 4533 1260 4595 quoque
1288 4532 1358 4580 curn

203 4620 319 4685 iterum
338 4623 371 4686 in
382 4624 492 4713 urhem
509 4624 658 4703 redisset,
681 4624 825 4701 quotidie
839 4629 985 4706 tempore
1000 4623 1218 4705 pomeridiano
1234 4624 1360 4690 Aristo·
