3234 5067
733 528 926 587 .-7-

247 694 361 759 tarcho
378 694 468 777 justo
500 695 574 777 J'ure
593 692 764 779 opprobrio
797 699 978 776 verterunt,
1011 694 1094 775 quod
1125 694 1157 760 in
1186 696 1284 761 rebus
1315 711 1409 759 cnara

246 801 359 867 randis
384 821 497 883 parum
534 802 646 869 iudicii
676 802 837 869 adhibuit.
879 801 955 867 Etsi
977 801 1010 868 in
1033 822 1074 867 ea
1095 821 1220 885 quoque
1253 804 1340 884 vita,
1368 802 1412 867 dc

247 928 311 993 quta
328 909 539 992 disputamus
555 910 635 976 miro
655 914 755 991 atque
773 928 871 992 caeco
892 911 1261 994 amore-Phocionem,
1276 910 1325 977 uti
1336 918 1410 992 post

234 1017 550 1100 demonstrabimus
583 1018 782 1087 Plutarchus
816 1019 1040 1102 amplectitur,
1062 1024 1178 1086 tamen
1205 1020 1303 1085 semel
1327 1019 1409 1085 med.

246 1146 316 1209 cap.
339 1130 383 1193 32
404 1129 530 1193 τοῦτον
553 1127 589 1191 δὲ
611 1165 638 1174 -
668 1127 771 1205 πίστις
798 1128 926 1194 auctori
953 1146 1010 1193 suo
1026 1127 1128 1194 'illins
1149 1127 1243 1193 nlmis
1265 1125 1409 1192 studioso

244 1234 438 1315 obloquitur.
484 1233 664 1301 Prdeterea
695 1238 806 1301 autem
836 1236 967 1318 saepius
996 1236 1031 1301 in
1053 1255 1110 1302 eas
1132 1254 1202 1318 rea,
1226 1236 1266 1301 de
1295 1234 1411 1315 quibus

245 1348 374 1425 narrat,
405 1343 683 1410 considerationes
704 1349 738 1410 et
762 1338 1061 1427 ¹contemplationes
1087 1343 1237 1412 intendit.
1280 1343 1352 1409 Hoc
1380 1341 1409 1407 ei

245 1450 296 1517 his
322 1451 402 1517 locis
431 1449 568 1533 placuit:
598 1470 669 1533 cap.
692 1450 758 1518 VH
778 1471 799 1519 a
822 1452 931 1519 verbis
958 1445 1049 1537 ὁρῶν
1071 1452 1107 1518 δὲ
1137 1448 1216 1529 τοὺς
1245 1446 1287 1515 ια’
1314 1444 1411 1515 κοινὰ

245 1559 407 1640 usquead
428 1564 622 1640 extremum3
643 1558 736 1626 initio
760 1578 830 1641 cap.
854 1560 939 1625 VIII
963 1560 1038 1626 inde
1060 1560 1101 1625 ab
1126 1557 1211 1625 ὥστε
1231 1551 1410 1642 θαυμάζειν

244 1704 283 1717 -
304 1680 415 1753 ορμαϊς
436 1664 727 1753 αντιτασσόμενον;
749 1684 821 1750 cap.
848 1675 887 1733 10
909 1668 984 1734 inde
1007 1668 1049 1735 ab
1063 1661 1157 1733 Ὥστε
1176 1660 1355 1752 θαυμάζειν
1368 1704 1410 1715 —-

244 1768 514 1860 συνεξετάζεσθαι
539 1787 611 1853 ,τοῖς
642 1769 828 1861 διαφόροιςς
867 1775 960 1843 Initio
992 1796 1062 1858 cap.
1092 1782 1149 1841 32:
1179 1765 1219 1860 ἦν
1244 1775 1280 1840 δὲ
1310 1777 1410 1839 τοῦτο

244 1923 286 1935 -
309 1904 459 1966 σνκοφαν
474 1886 555 1965 ταῖν,
588 1884 700 1950 eodem
729 1884 868 1965 denique
894 1903 963 1981 cap.
985 1885 1067 1951 med.
1096 1884 1155 1950 illa
1184 1884 1285 1951 verba
1309 1886 1410 1949 ταῦτα

186 2072 188 2077 ,
244 1992 279 2059 δὲ
309 1985 393 2077 ὑπὲρ
419 1986 523 2059 αὑτοῦ
546 2012 586 2041 -’-
608 1991 795 2080 ἐγγενέσθαι
821 1994 944 2076 ιιίσιις,
969 1994 1009 2060 de
1045 1992 1160 2074 quibus
1191 1992 1283 2059 modo
1313 2011 1410 2084 supra

243 2098 391 2166 diximus

346 2207 521 2287 Postquam
557 2208 638 2273 haec
667 2207 708 2273 de
740 2208 977 2289 compositione
1000 2209 1091 2275 vitae
1121 2206 1292 2273 PhocIonis
1316 2224 1409 2287 prae-
1464 2198 1467 2204 ’

243 2314 418 2394 missimus
450 2314 557 2380 altero
585 2315 656 2381 loco
687 2334 726 2381 ea
758 2333 842 2395 quae
872 2316 1034 2382 derebus
1063 2315 1105 2381 ab
1132 2333 1170 2381 eo
1197 2314 1301 2397 gestis
1323 2313 1409 2395 apud

242 2422 453 2489 Plutarchum
481 2426 671 2503 narrantur,
700 2440 772 2488 cum
802 2423 923 2491 ceteris
948 2423 1136 2490 auctoribus
1165 2422 1408 2505 compararem

241 2529 348 2597 animo
369 2535 430 2595 est.
475 2528 558 2596 Nam
589 2530 664 2595 inde
694 2530 793 2597 facile
822 2532 965 2616 intelligi
988 2537 1115 2614 potest,
1150 2550 1213 2612 qua
1248 2537 1356 2598 mente
1381 2531 1409 2597 is

242 2657 336 2721 quem
359 2638 556 2705 Plutarchus
579 2642 711 2704 secutus
734 2644 794 2719 est,
818 2639 852 2705 in
874 2640 1070 2707 Phocionem
1092 2640 1203 2706 fuerit.

345 2746 475 2812 Invita
498 2746 698 2813 Plutarchea
720 2746 755 2813 in
778 2747 889 2829 capite
914 2746 961 2813 VI
980 2746 1153 2813 Chabriam
1176 2747 1209 2812 ln
1231 2765 1342 2828 pugna
1366 2746 1408 2811 ad

242 2854 369 2921 Naxum
391 2854 561 2921 commissa
579 2855 733 2921 Phocioni
755 2855 923 2939 imperium
946 2855 1077 2922 navium
1099 2855 1133 2921 in
1155 2873 1254 2921 cornu
1275 2852 1408 2919 sinistro

242 2963 474 3029 collocatarum
491 2962 668 3029 tradidIsse
691 2962 838 3048 legimns.
882 2962 974 3029 Haec
990 2982 1062 3028 cum
1073 2962 1114 3029 ils
1125 2968 1311 3045 repugnant
1323 2979 1408 3042 quae

242 3070 282 3138 dc
305 3071 494 3154 illa-pugna
524 3070 636 3137 nauali
668 3071 754 3153 apud
777 3071 955 3137 Diodorum
985 3071 1126 3137 Siculum
1157 3070 1190 3135 in
1220 3070 1302 3135 libro
1332 3070 1406 3150 XV,

242 3198 310 3261 cap.
346 3184 397 3261 34,
430 3184 658 3245 tharrantur.
713 3179 783 3245 Iam
819 3178 1059 3262 Wesselinqus
1080 3183 1115 3244 et
1134 3178 1320 3260 KraneruS,
1349 3177 1406 3244 ille

242 3286 275 3353 iu
292 3286 435 3355 editione
446 3286 589 3366 Diodori,
608 3286 660 3353 hic
674 3287 705 3353 in
718 3286 862 3354 editione
881 3288 973 3356 vitae
984 3288 1213 3363 Plutarchum,
1229 3288 1406 3354 haeserunt

243 3394 319 3477 quid
332 3395 491 3461 dehacre
504 3393 700 3461 iudicarent:
732 3394 865 3461 Diodori
886 3396 971 3463 euim
984 3394 1168 3462 testimonio
1178 3396 1265 3462 Cedo
1276 3394 1405 3475 quidam

243 3503 453 3569 Atheniensis
464 3505 498 3569 in
511 3503 645 3569 sihistra
654 3502 725 3570 acie
734 3504 888 3587 praefuit,
903 3504 956 3585 qui
967 3523 1039 3571 cum
1053 3504 1315 3586 navepert'orata
1323 3503 1405 3570 mari

241 3612 379 3679 haustus
399 3617 461 3678 est.
491 3611 648 3695 Quaestio
666 3611 768 3695 Igitur
785 3612 846 3678 hoc
865 3612 936 3679 loco
950 3612 1073 3694 existit,
1087 3618 1194 3679 utrum
1211 3611 1313 3677 maior
1325 3611 1405 3678 fides

242 3718 419 3785 Plutarcho
428 3737 471 3785 an
485 3718 627 3785 Diodoro
639 3720 789 3786 habenda
800 3720 853 3787 sit.
881 3720 988 3804 Magis
997 3724 1108 3786 autem
1118 3719 1257 3786 inclinat
1268 3718 1403 3802 animus,

242 3830 279 3892 ut
300 3826 512 3908 arbitremur,
539 3826 750 3893 Plutarchum
772 3828 826 3894 vel
840 3828 949 3910 potius
970 3834 1134 3895 auctorem
1158 3827 1227 3894 elus
1249 3847 1302 3893 res
1321 3826 1404 3893 Pho·

242 3932 343 4001 cionis
372 3932 519 4000 crettone
547 3936 678 4016 paulurn
709 3954 937 4021 exaggerasse.
982 3936 1065 4003 Nam
1096 3935 1229 4017 Phocio,
1258 3935 1313 4015 qui
1341 3955 1403 4016 quo

242 4048 386 4125 tempore
423 4040 674 4109 Lacedaemonii
704 4062 776 4111 curn
812 4045 1068 4112 Atheniensibus
1098 4045 1140 4112 ad
1173 4044 1300 4110 Naxum
1330 4064 1403 4111 cou-

241 4149 346 4234 gressi
367 4154 457 4234 sunt,
482 4150 672 4217 adolescens
694 4151 827 4219 circiter
847 4152 968 4237 viginti
997 4157 1122 4236 septem
1144 4170 1300 4218 annorum
1320 4158 1403 4235 erat,

242 4257 342 4325 etiam
373 4257 528 4341 puerilior
553 4259 685 4327 videtur
716 4260 819 4327 fulsse
848 4280 944 4341 quam
974 4261 1026 4327 cui
1047 4260 1206 4328 Chabrias
1233 4261 1402 4344 imperium

242 4364 396 4433 sinistrae
430 4367 513 4434 aciei
544 4368 735 4450 permittere
769 4375 889 4452 posset.
940 4370 1023 4437 Eum
1055 4376 1165 4438 autern
1195 4371 1324 4438 omnino
1353 4371 1403 4439 illi

242 4492 372 4557 pugnae
404 4473 609 4557 interfuisse,
644 4476 741 4559 longe
764 4478 931 4561 absumus,
958 4484 995 4544 ut
1018 4477 1206 4548 infitIemnr.
1255 4478 1401 4545 Trierar·

243 4582 322 4649 chus
343 4582 485 4651 fortasse
506 4585 585 4651 navi
606 4602 704 4670 quam
722 4585 769 4654 rei
791 4587 942 4673 publicae
963 4587 1101 4659 dederat
1121 4588 1325 4678 praepositus
1346 4590 1401 4678 (ct'.
