3234 5067
697 545 909 605 -31-4

232 715 348 801 legisse
370 718 493 781 etcum
513 712 555 779 ad
573 712 660 783 uitas
678 711 914 795 componendas
929 729 965 777 se
978 710 1151 794 conferret,
1168 710 1382 778 incastrans·

229 822 398 907 scripsisse
413 825 517 904 putet.

336 946 537 1029 Quamquam
569 944 610 1011 de
634 942 757 1028 origine
786 942 880 1024 quasi
905 943 1214 1027 apophthegmatum
1234 943 1269 1009 in
1291 948 1383 1026 capp.

232 1060 356 1123 4..10
379 1054 542 1137 explicare
562 1052 655 1120 nohis
669 1049 899 1135 proposuimus,
924 1069 988 1117 non
1009 1050 1086 1132 quid
1106 1050 1244 1118 rationis
1264 1052 1383 1134 apoph-

235 1166 408 1247 thegmata
427 1160 599 1228 Phocionis
620 1158 850 1226 inMoralibus
872 1178 943 1226 cum
964 1160 1034 1227 uita
1052 1160 1205 1243 habeant,
1219 1164 1328 1226 tamen
1349 1160 1383 1227 in

150 1336 153 1344 ,
235 1273 297 1339 hac
319 1289 355 1338 re
374 1270 504 1353 paulum
524 1280 753 1337 commoremur
773 1285 907 1334 necasse
927 1271 986 1333 est.
1032 1266 1116 1333 Nam
1129 1268 1286 1350 quaestio,
1308 1265 1385 1347 quid

235 1378 370 1446 rationis
390 1376 567 1445 Moralibus
589 1394 660 1442 cum
682 1376 761 1444 vitis
790 1376 851 1457 sit,
880 1374 971 1441 illam
998 1375 1137 1442 alteram
1164 1375 1385 1456 quaestionem

235 1486 386 1555 continet.
483 1494 485 1497 ’
662 1472 668 1501 '

334 1586 621 1694 apophthegmata
633 1604 814 1691 Phocionis,
837 1624 920 1688 quae
931 1605 1152 1674 inMoralihus
1167 1607 1386 1689 inueniuntur,

233 1717 387 1787 etiamid
410 1714 482 1783 uita
504 1715 616 1781 eodem
635 1715 747 1783 ordine
765 1716 928 1799 leguntur.
972 1713 1080 1781 Semel
1105 1717 1233 1781 tantum
1256 1715 1385 1795 accidit,

233 1836 271 1893 ut
291 1824 488 1891 Plutarchus
513 1842 553 1889 ea
573 1824 866 1908 apophthegmata,
889 1840 971 1904 quae
999 1822 1033 1889 in
1055 1819 1233 1889 Moralibus
1254 1823 1331 1891 XV⁰
1352 1830 1387 1890 et

226 1932 329 2000 XVI⁰
351 1932 421 1999 loco
439 1936 630 2009 domantur,
651 1932 822 1999 immutato
834 1931 945 1998 ordine
958 1930 1085 1998 aderat.
1119 1930 1386 2013 Quatuorautem

235 2041 314 2109 locis
324 2040 357 2107 in
372 2040 443 2107 rita
455 2058 560 2123 pauca
570 2040 730 2121 quaedam
745 2039 918 2122 adduntur,
936 2040 1063 2121 quaein
1072 2017 1250 2108 moraliuds
1259 2041 1385 2107 desunt.

336 2168 412 2236 ‘Hoc
430 2173 482 2235 est
504 2168 638 2252 primum
663 2169 905 2253 apophthegma
931 2168 965 2234 in
985 2168 1175 2235 Moralibus:
1197 2170 1340 2235 Φωκίων
1369 2168 1389 2233 ὁ

232 2272 403 2364 Ἀθηναῖος
424 2269 478 2342 ὑπ’
502 2270 639 2355 ου’δενὸς
660 2270 736 2343 οὔτε
755 2278 861 2361 γελῶν
883 2270 985 2362 ὤφθη
1003 2269 1079 2341 οὔτε
1088 2270 1254 2361 δακρύων.
1284 2275 1388 2341 Multo

234 2385 380 2469 pluribus
402 2384 437 2451 iu
458 2384 530 2452 vita
561 2384 620 2452 sub
646 2384 743 2451 finem
764 2401 834 2468 cap.
856 2388 878 2451 4
899 2384 941 2450 de
962 2384 1076 2450 habitu
1097 2384 1284 2465 vestituque
1306 2384 1388 2451 Pho·

235 2494 336 2560 aionis
358 2496 525 2560 narratur:
544 2493 709 2568 Φονιιίοονα
723 2488 784 2578 γὰρ
807 2486 884 2557 οὔτε
904 2484 1084 2576 γελάσαντά
1112 2516 1162 2569 τις
1187 2486 1264 2558 οὔτε
1291 2486 1388 2557 κλαύ-

237 2618 338 2667 σαντα
360 2594 681 2687 protocaravorum
707 2596 791 2667 εἶδεν
814 2594 884 2666 ov'd’
914 2598 951 2665 ἓν
973 2601 1134 2687 βαλανείῳ
1162 2592 1388 2686 δημοσιεύοντι

234 2701 445 2797 λουσάμενον,
468 2700 514 2787 ὡς
535 2702 683 2795 ἱστόρηκε
695 2710 835 2801 Δοῦρις,
857 2702 936 2773 odat
955 2703 1050 2786 ἐκτὸς
1070 2705 1186 2793 ἔχοντα
1213 2704 1273 2794 τὴν
1298 2718 1388 2792 χεῖρα

234 2820 290 2905 τῆς
308 2820 491 2904 περιβολῆς,
514 2810 570 2893 ὅτε
590 2809 683 2903 τύχοι
703 2816 984 2903 περιβεβλημένος,

339 2942 532 3026 Initiocap.
562 2948 581 3010 9
610 2942 803 3024 feneratori,
835 2942 886 3007 oui
917 2940 1036 3007 Phoclo
1061 2940 1229 3022 pecuniam
1266 2939 1388 3022 debuit,

236 3066 351 3123 nomeu
371 3049 498 3117 Callicli
519 3051 619 3121 fuisse
640 3050 837 3118 Plutarchus
865 3053 1101 3116 commemorat.
1143 3048 1183 3114 In
1212 3046 1389 3115 Moralibus

201 3155 210 3191 ³
236 3156 292 3243 (V.)
311 3174 425 3225 nomen
444 3158 513 3225 eius
532 3158 658 3226 reticet.

342 3280 444 3349 ΧΙΠ0
464 3282 535 3350 loeo
558 3282 675 3350 ibidem
696 3281 777 3349 illud
807 3281 1047 3366 apophthegma
1065 3283 1234 3362 narratur,
1251 3279 1335 3360 quod
1355 3279 1389 3346 in

237 3390 307 3455 uita
330 3390 424 3457 initio
448 3410 516 3473 cap.
539 3392 776 3467 adinvenitur.
820 3390 873 3457 lla
899 3393 1114 3469 actamquae
1143 3387 1176 3453 in
1198 3387 1269 3454 vita
1289 3387 1324 3453 iu
1343 3388 1389 3453 al·

238 3498 312 3562 tera
332 3502 426 3577 parte
447 3498 589 3567 eiusdem
619 3498 736 3582 capitis
757 3500 797 3564 de
820 3496 947 3564 homine
968 3494 1122 3563 Phocioni
1139 3495 1226 3562 dicto
1248 3514 1311 3562 uon
1334 3514 1390 3563 au-

238 3602 342 3669 dienti
359 3608 543 3687 humantur,
565 3606 598 3672 iu
619 3606 796 3673 Moralibus
816 3609 1024 3687 quaeruntur.

341 3727 497 3826 Denique
525 3729 558 3795 in
588 3730 764 3801 Moralibus
786 3731 890 3817 (XIV)
922 3731 980 3798 illa
1004 3730 1105 3797 verba
1125 3729 1254 3810 absunt,
1276 3726 1391 3808 quihus

241 3833 404 3919 Menyllus
429 3836 624 3904 Phocionem
645 3840 729 3908 dona
760 3843 965 3907 recusantem
998 3836 1099 3903 Phoci
1123 3836 1180 3903 fild
1205 3835 1388 3903 admonuit:

237 3942 331 4009 Ἀλλὰ
370 3937 481 4033 Φώκῳ
513 3969 547 4032 γε
579 3948 628 4034 τῷ
660 3950 752 4014 ιιαιδλ
782 3951 892 4028 λαβεῖν
929 3945 1085 4032 δεομένου
1119 3948 1179 4011 τοῦ
1208 3937 1390 4019 Μενύλλου,

228 4044 370 4151 Ι,Φιοίιομ
383 4053 461 4141 μὲν,
484 4048 574 4121 εἶπεν
603 4048 680 4137 ,ἐάν
700 4057 759 4141 μὲν
782 4056 940 4141 σωφρονῇ
964 4047 1238 4141 μεταβαλόμενος,
1263 4046 1392 4138 ἀρκέσει

239 4156 279 4225 τὰ
299 4164 358 4227 τοῦ
379 4156 507 4248 πατρὸς
528 4156 574 4241 ὡς
594 4156 684 4249 δ’ἔχει
706 4166 776 4243 νῦν,
799 4158 897 4231 οὐδὲν
919 4156 1034 4230 ἱκανόν
1050 4162 1167 4230 ἐστιν.“
1188 4145 1302 4251 (Initio
1320 4180 1390 4246 cap.

241 4268 447 4353 πρῶ)

292 4420 295 4426 ψ
342 4376 448 4445 Nihilo
467 4379 597 4461 sequius
612 4379 651 4463 ia,
673 4378 728 4458 qui
748 4379 1027 4463 apophthegmata
1040 4377 1211 4446 Phocionis
1232 4378 1265 4446 in
1285 4378 1389 4447 Mora·

239 4482 323 4551 libus
360 4502 430 4552 curn
465 4486 536 4554 vita
567 4488 823 4570 comparaverit,
853 4506 894 4554 ex
928 4506 991 4555 uno
1022 4488 1195 4569 eodemque
1227 4488 1318 4555 fonte
1351 4507 1391 4555 ea

240 4592 358 4659 hausta
388 4612 458 4660 esse
485 4596 651 4662 concedet.
696 4596 734 4661 Iu
761 4595 822 4660 hoc
848 4596 950 4683 igitur
978 4615 1048 4662 cum
1075 4596 1130 4663 Fr.
1153 4596 1232 4661 Susa
1259 4613 1390 4662 cousen-
