3234 5067
666 527 874 587 ...37-

300 695 505 769 Avunculum
536 699 644 765 autem
686 712 776 759 suum
806 693 1025 759 Demochares
1063 695 1270 760 vehementer
1298 696 1352 760 ad-

162 854 165 859 .
199 802 334 869 miratus
353 808 389 869 at
406 800 567 886 singulari
588 820 697 871 amore
724 800 893 883 amplexus
924 805 983 867 est.
1015 802 1057 867 ct'.
1080 800 1177 868 Blass
1198 802 1231 868 iu
1254 802 1354 868 libro:

198 909 350 977 Attische
372 909 637 977 Beredtsamlreit
656 907 709 976 ΙΙΙ
731 912 766 991 2,
794 912 868 975 306.
913 908 998 992 Quid
1027 908 1128 992 igitur
1153 907 1259 993 magis
1280 927 1353 975 cou-

198 1022 389 1086 sentaneum
411 1021 472 1100 est,
494 1036 591 1099 quam
619 1036 692 1085 eum
713 1016 828 1085 laudes
849 1014 1080 1085 Demosthenis
1101 1016 1248 1099 auxisse,
1272 1017 1355 1083 Pho·

198 1127 284 1195 cioni
311 1126 521 1194 adversarum
548 1126 689 1208 partium
718 1124 794 1191 duci
824 1130 861 1191 et
886 1124 1026 1209 principi
1057 1124 1281 1193 obtrectasse?

300 1254 351 1322 De
364 1254 531 1321 Demetrio
546 1254 704 1321 Phalereo
715 1272 841 1335 quoque
858 1259 1023 1322 auctorem
1033 1253 1170 1337 Nepotis
1178 1273 1243 1322 non
1253 1254 1356 1322 amice

124 1352 126 1359 ’
198 1365 342 1431 locutum
364 1380 544 1447 essesupra
566 1363 690 1446 opinati
712 1380 829 1431 sumus
873 1362 974 1429 Forte
986 1361 1116 1430 fartum
1126 1363 1280 1448 Polybius
1301 1364 1357 1429 lib.

199 1472 266 1539 XII
290 1474 345 1553 13,
365 1477 386 1538 9
409 1486 449 1538 ex
468 1471 560 1538 libris
589 1470 802 1538 Democharis
833 1489 938 1553 pauca
973 1472 1073 1538 verba
1103 1472 1282 1555 excerpsit,
1317 1492 1357 1540 ex

199 1578 323 1661 quihus,
347 1578 423 1658 quid
439 1578 495 1644 ille
511 1578 552 1645 de
568 1578 728 1645 Phalereo
746 1578 951 1661 iudicaverit,
970 1579 1231 1663 plaueapparet:
1255 1630 1262 1646 .
1286 1630 1293 1647 .
1318 1630 1326 1647 .
1350 1630 1357 1646 .

199 1680 339 1771 φάσκων
355 1679 569 1773 (Δημοχάρης)
583 1670 686 1753 αυτὸν
698 1680 911 1774 (Δημήτριον)
927 1690 1081 1753 τοιοῦτον
1093 1689 1259 1774 γεγονέναι
1277 1712 1358 1772 προ-

201 1788 322 1879 στάτην
343 1795 399 1880 τῆς
428 1794 603 1878 πατρίδος,
635 1796 689 1859 καὶ
713 1792 766 1859 ἐπὶ
792 1788 925 1873 τούτοις
944 1789 1161 1881 σεμνύνεσθαι
1187 1791 1270 1862 κατὰ
1297 1794 1358 1882 τὴν

200 1900 376 1984 πολιτείαν,
406 1895 457 1984 ἐφ’
483 1896 532 1979 οἷς
557 1894 613 1967 ἂν
632 1904 686 1967 καὶ
714 1896 860 1989 τελώνης
886 1905 1077 1990 σεμνυνθεὶη
1104 1904 1158 1969 καὶ
1185 1900 1358 1983 βάναυσος.

199 2002 267 2075 Ἐπί
286 2004 348 2093 γὰρ
369 2010 419 2094 τῷ
439 2002 548 2074 πολλὰ
565 2010 619 2074 καὶ
651 2012 828 2088 λυσιτελῶς
853 2016 1037 2077 πωλεῖσθαι
1059 2007 1142 2077 κατὰ
1162 2006 1223 2098 τὴν
1242 2006 1354 2094 πόλιν,

201 2118 254 2182 καί
276 2117 399 2202 δαψιλῆ
413 2111 455 2181 τὰ
472 2114 559 2201 πρὸς
581 2111 642 2183 τὸν
664 2118 736 2196 βίον
747 2112 909 2203 α’πάρχειν
921 2121 1031 2204 πᾶσιν,
1054 2117 1107 2184 ἐπὶ
1128 2111 1262 2197 τούτοις
1283 2121 1360 2204 φησὶ

201 2228 410 2310 μεγαλαυχεῖν
433 2217 546 2289 αὐτόν.
569 2230 639 2290 κτλ.
679 2224 754 2291 Ιοεε
775 2226 878 2309 igitur
896 2226 1096 2295 Demetrium
1119 2246 1139 2292 a
1159 2225 1360 2293 Demochare

201 2332 235 2397 in
258 2331 393 2397 historia
421 2348 485 2397 non
514 2331 632 2398 leviter
664 2333 841 2417 perstringi
869 2332 1023 2419 Polybius
1045 2336 1064 2400 l.
1086 2353 1113 2402 c.
1135 2334 1232 2401 dicit:
1255 2321 1294 2400 οὗ
1315 2352 1359 2400 sc.

205 2436 361 2504 Demetrii
381 2449 488 2516 κεῖνος
503 2432 544 2505 ori
557 2435 616 2525 τὴν
639 2444 802 2526 τυχοῦσαν
824 2443 998 2529 πεποίηται
1015 2443 1212 2530 κατηγορίαν
1233 2441 1270 2508 ίν
1291 2454 1363 2521 ταῖς

202 2542 357 2630 ίιτορίαις.
368 2551 437 2613 κτλ.

307 2670 447 2756 Quarum
474 2672 614 2755 partium
644 2674 730 2741 lilius
755 2676 875 2742 sororis
899 2674 1129 2741 Demosthenis
1161 2676 1277 2757 inerit,
1301 2694 1361 2741 nec

202 2796 261 2860 per
283 2797 318 2845 se
339 2777 373 2845 iu
393 2778 489 2846 (lubio
512 2798 583 2847 esse
614 2785 725 2863 potest
751 2787 786 2848 et
807 2781 963 2865 Polybius
984 2783 1006 2849 l.
1030 2800 1057 2850 c.
1081 2783 1207 2851 eumin
1230 2801 1361 2850 numero

206 2904 313 2951 eorurn
336 2886 436 2953 fuisse
458 2887 556 2969 plane
578 2892 678 2968 atque
700 2895 815 2970 aperte
835 2890 949 2966 tradit,
968 2890 1023 2971 qui
1043 2891 1178 2957 factioni
1194 2892 1363 2973 Antipatri

203 2994 439 3079 amicorumque
468 2997 538 3063 eius
559 2997 687 3064 obviam
716 2998 930 3068 obstiterunt:
966 2991 1049 3065 ἀλλὰ
1078 3001 1196 3065 πολλοὶ
1228 3000 1287 3086 μὲν
1320 2995 1363 3064 ἂν

176 3096 178 3101 ’
203 3105 274 3168 τῶν
291 3097 504 3190 Ἀντιπάτρου
519 3105 637 3189 φίλων,
660 3094 790 3172 καθὀὗ
804 3108 1083 3194 πεπαρρησίασται
1105 3126 1150 3175 sc.
1173 3100 1363 3194 Δημοχάρης

203 3205 311 3278 πολλὰ
347 3212 400 3278 καὶ
437 3207 601 3299 δυνάμενα
637 3218 752 3281 λυπεῖν
783 3212 905 3301 μόνον,
920 3210 1024 3281 αὐτὸν
1060 3209 1120 3281 τὸν
1149 3209 1362 3300 Ἀντίπατρον

204 3315 287 3386 α’λλά
303 3323 357 3386 καὶ
376 3317 455 3400 τοὺς
473 3318 596 3388 ἐκείνου
615 3326 676 3388 κτλ
699 3372 707 3388 .
730 3375 736 3387 .
757 3372 765 3389 .
789 3374 796 3389 .
817 3324 935 3390 πολλοὶ
957 3324 993 3390 δὲ
1013 3324 1067 3390 καὶ
1082 3318 1362 3391 τώνᾰντιπεπολι-

205 3431 380 3515 τευμίνοον,
403 3416 452 3497 οὖν
466 3418 505 3516 ἦν
519 3432 572 3496 καὶ
589 3424 770 3517 Δημήτριος
789 3424 807 3497 ὃ
822 3427 997 3519 Φαληρεύς.
1020 3432 1117 3520 (Poly
1129 3433 1159 3498 b.
1170 3432 1239 3499 XII
1255 3438 1305 3515 13,
1314 3437 1359 3519 8).

307 3551 416 3635 Quare
436 3555 584 3634 quoniam
597 3574 732 3637 eaquae
753 3558 795 3622 ab
819 3560 952 3624 auctore
963 3557 1099 3640 Nepotis
1116 3556 1362 3641 postulavimus,

192 3659 361 3732 ¹universa
372 3658 405 3726 in
421 3658 654 3729 Democharem
671 3665 803 3747 cadunt,
822 3664 913 3731 illum
932 3664 966 3731 iu
985 3666 1057 3732 vita
1070 3665 1241 3734 Phocionis
1263 3665 1361 3732 libros

206 3764 272 3833 eius
294 3765 493 3834 cousuluisse
514 3772 674 3849 putamus.

308 3889 407 3959 Dicet
428 3892 569 3959 fortasse
599 3893 733 3977 uliquis,
763 3869 921 3979 Nepotem
948 3895 1047 3964 libros
1068 3896 1278 3965 Democharis
1299 3916 1361 3965 om·

206 3998 282 4067 nino
316 4018 380 4067 uon
401 4000 547 4083 nouisse,
575 4002 659 4082 quod
680 4022 785 4085 neque
814 4004 884 4087 ipse
906 4023 962 4071 eos
984 4005 1133 4078 laudauit
1154 4024 1258 4087 neque
1276 4006 1362 4088 quis·

209 4126 301 4187 quam
337 4108 426 4176 illum
462 4108 537 4174 inde
575 4108 721 4176 hausisse
758 4110 865 4179 adhuc
885 4113 1047 4195 probavit.

310 4234 405 4302 Talia
427 4240 536 4303 autem
558 4235 682 4302 dicenti
700 4237 783 4305 haec
805 4240 1044 4321 respondemus.

311 4357 521 4427 Corneliusiu
535 4360 680 4429 amicitia
692 4379 764 4427 curn
776 4362 932 4430 Cicerone
949 4363 1013 4431 i'uit
1031 4365 1088 4452 (ci.
1111 4365 1247 4448 Teuffel,
1270 4366 1362 4433 Ram.

207 4464 408 4550 Literaturg.
433 4473 504 4551 180,
527 4474 557 4547 ³,
579 4475 651 4553 195,
674 4474 707 4553 3)
728 4476 828 4551 atque
851 4478 918 4538 tam
938 4472 1145 4541 familiariter
1163 4492 1235 4539 cum
1255 4493 1293 4541 eo
1315 4475 1361 4542 vi·

208 4572 267 4657 xit,
289 4577 327 4640 ut
348 4574 435 4643 alter
464 4594 536 4645 cnm
567 4578 672 4647 altero
694 4578 735 4647 de
757 4578 875 4659 studiis
901 4579 1070 4649 literarum
1101 4579 1362 4653 communicaret.
