3234 5067
718 540 843 599 -ἰι
890 548 949 580 -·

245 704 341 771 nieles
363 704 428 771 und
450 704 539 771 seine
559 704 634 771 Zeit
660 705 694 769 ΙΙ
717 711 768 773 55.
814 704 906 788 Quae
929 705 1173 787 comitemne,
1198 705 1327 771 minime
1356 705 1400 771 ad

245 812 439 881 eredendum
456 812 589 883 diifioile
604 818 664 896 eet,
688 832 769 896 eum,
791 831 864 879 cmn
884 813 926 879 de
941 812 1105 879 Phocione
1121 814 1263 880 scrihere
1283 831 1399 896 aggre-

190 908 194 917 ’
245 920 391 1002 deretur,
425 918 614 1003 Hieronymi
632 919 790 986 librossin
816 919 977 1002 epitomen
1005 919 1068 987 iam
1095 922 1249 1005 coegisse.
1292 919 1401 985 Aliter

245 1032 356 1096 autem
377 1032 476 1111 etque
497 1029 559 1095 hac
582 1028 771 1095 circuitione
789 1028 986 1095 Plutarchus
1011 1028 1103 1095 libris
1125 1029 1194 1095 eius
1224 1047 1302 1122 usus
1328 1045 1400 1095 esse

245 1156 310 1203 non
332 1136 590 1220 potestidcirco,
612 1136 696 1218 qnod
716 1136 796 1203 nihil
811 1136 939 1219 mentis,
963 1155 1026 1217 qua
1044 1136 1101 1204 ille
1122 1137 1157 1204 in
1172 1136 1317 1204 Graecos
1326 1136 1400 1215 fuit,

247 1245 280 1311 in
294 1244 456 1313 Phocione
467 1244 640 1311 invenitur.
663 1244 702 1311 In
721 1244 893 1311 Phocionis
903 1244 975 1313 vita
988 1244 1185 1313 Graecorum
1197 1251 1233 1312 et
1244 1244 1400 1329 imprimis

247 1353 361 1419 ducum
390 1355 616 1432 oratorumque
648 1370 770 1434 eorum,
802 1352 857 1433 qui
894 1352 980 1419 bello
1007 1352 1161 1420 Lamieco
1192 1352 1226 1420 in
1263 1352 1399 1420 civitate

246 1459 491 1526 Atheniensium
510 1458 705 1542 floruerunt,
722 1478 845 1535 ¹veram
867 1460 995 1526 laudem
1017 1460 1135 1541 ubique
1155 1464 1191 1527 et
1211 1465 1400 1527 constanter

244 1557 397 1650 imminui,
415 1566 651 1653 ¹Hieronymum
673 1570 783 1633 autem
805 1586 886 1650 erga
909 1586 964 1634 eos
985 1568 1145 1635 iustitiam
1169 1570 1275 1635 colere
1302 1587 1400 1652 snpra

245 1676 501 1742 demonstratum
518 1680 578 1742 est.
602 1675 725 1742 Tamen
734 1675 793 1741 hoc
805 1675 1034 1743 locoeaverba
1042 1675 1171 1744 silentio
1181 1696 1245 1743 non
1255 1681 1399 1767 praeter-

245 1783 407 1850 mittenda
428 1802 499 1849 esse
521 1782 634 1850 vident
620 1788 674 1849 tur
675 1780 809 1865 ,quibus
821 1784 906 1866 apud
919 1783 1130 1851 Plutarchum
1144 1803 1213 1867 cap.
1227 1790 1268 1851 23
1280 1784 1400 1851 Phocio

245 1888 345 1956 Leost
346 1890 461 1956 henem
489 1890 697 1973 contemptim
719 1890 910 1971 alloquitur:
955 1886 1068 1956 Πολλὰ
1089 1891 1125 1956 δὲ
1148 1892 1398 2015 θρασυνομένου

229 1986 298 2063 ’καὶ
316 1992 574 2085 κομπάζοντοςὸ
593 1998 736 2065 Φωκίων
758 1995 811 2081 „oi
830 1990 921 2083 λόγοι
943 2005 1023 2064 σου“
1046 1994 1135 2065 εἶπεν
1155 1998 1207 2087 „cd
1221 1992 1401 2126 μιιρακιον,

245 2104 366 2173 ἐοίκασι
388 2106 612 2193 κυπαρίττοις·
634 2100 769 2193 μεγάλοι
792 2102 854 2192 γὰρ
867 2101 960 2185 ὄντες
979 2108 1034 2172 καὶ
1049 2099 1171 2193 ὑψηλοί
1189 2130 1338 2193 καρπους
1358 2104 1401 2173 ου’

236 2200 416 2301 φέρουσιν.
419 2220 438 2253 “
460 2214 577 2282 Occult
562 2220 596 2282 te
617 2215 677 2303 igit
679 2235 717 2281 ur
663 2214 956 2281 tAthenienses
969 2214 1050 2282 levit
1035 2215 1117 2281 tatis
1142 2214 1401 2295 temeritatisque

244 2322 482 2407 insimulantur,
503 2325 587 2405 quod
602 2323 690 2419 fama
712 2324 753 2389 de
774 2322 954 2389 Alexandri
972 2321 1086 2407 Magni
1105 2327 1208 2389 morte
1234 2322 1268 2388 in
1299 2322 1400 2389 Grae·
1462 2371 1464 2378 -

245 2432 328 2497 olam
340 2430 449 2514 perlat
449 2430 597 2497 aimmat
598 2449 654 2496 uro
671 2410 818 2497 libertat
808 2448 837 2495 ιι
856 2450 964 2497 ιιιοιε
986 2431 1028 2497 ad
1047 2412 1166 2497 bellum
1178 2434 1255 2498 cont
1256 2450 1294 2496 ra
1306 2431 1402 2497 Anti·
1419 2464 1423 2474 ·

244 2544 302 2643 pat
303 2558 373 2608 rum
395 2538 525 2607 incitati
546 2545 632 2606 sunt.
678 2538 791 2623 Longe
809 2538 908 2606 aliter
927 2538 1010 2605 de''
989 2557 1029 2605 us
1042 2538 1401 2622 HieronymusOardia·
1453 2625 1456 2634 Ι

245 2666 305 2714 ιιι
332 2647 463 2731 iudicat.
515 2646 577 2713 Ille
603 2646 688 2714 enim
714 2646 762 2713 rei
795 2645 947 2712 militaris
975 2646 1188 2730 peritissimus
1214 2648 1306 2713 homo
1332 2652 1401 2712 tum

245 2756 398 2838 temporis
427 2754 569 2822 divinam
604 2754 712 2835 quasi
730 2754 931 2821 occasionem
960 2754 1097 2821 libertat
1044 2754 1126 2820 ttis
1160 2755 1403 2836 recuperandae

246 2864 498 2929 Atheniensibus
520 2863 684 2929 fortunam
706 2862 834 2928 dedisse
848 2863 974 2928 scribit·
967 2912 1063 2930 .....
1076 2856 1243 2940 ου’κουτες
1261 2861 1308 2927 di
1315 2854 1403 2969 ogeri·

245 2948 341 3056 μαχοι
361 2983 431 3049 τοῖς
450 2964 571 3037 τούτου
593 2968 745 3057 δυνάμεσι
771 2966 856 3036 κατὰ
875 2994 933 3056 μεν
954 2965 993 3036 τὸ
1015 2966 1124 3055 παρὸν
1152 2967 1327 3056 ἡσυχίαν’
1311 2958 1401 3056 ἦγον,

247 3077 478 3165 ε’πιτηρουντες
500 3075 617 3168 καιρὸν
650 3072 801 3146 εὔθετον·
831 3075 937 3161 (Diod.
954 3084 1004 3145 18.
1029 3082 1058 3144 8
1087 3078 1131 3167 7.)
1174 3078 1402 3160 Quantumque

245 3186 302 3252 ille
323 3185 420 3269 absit,
396 3190 481 3253 tut
503 3186 716 3253 Graecost
667 3187 701 3254 vi
702 3190 842 3269 tuperet,
863 3205 904 3253 ex
925 3186 1033 3254 verbis
1053 3176 1205 3269 apparet,
1228 3186 1343 3267 quibus
1358 3186 1401 3253 ad

189 3378 191 3385 y
245 3313 298 3360 res
318 3295 404 3361 bello
425 3294 578 3362 Lamiaco
596 3296 710 3379 gentas
732 3295 870 3362 transit:
891 3295 1105 3380 κυρωθέντος
1126 3294 1161 3359 δὲ
1194 3297 1256 3360 τοῦ
1283 3299 1402 3380 ψηφιο-

248 3424 348 3487 ματος
368 3399 620 3489 προχειρότιρον
646 3396 667 3489 ἢ
689 3404 876 3489 συνέφερεν,
906 3400 1016 3489 οἱμὲν
1047 3402 1171 3468 συνέσει
1193 3404 1405 3488 διαφέροντες

245 3501 499 3594 τῶνἙλλήνων
522 3508 647 3593 ἔφασαν
671 3507 732 3576 τὸν
754 3511 857 3597 δῆμον
879 3512 949 3576 τῶν
967 3506 1149 3596 Ἀθηναίων
1166 3507 1207 3576 τὰ
1230 3511 1289 3596 μὲν
1314 3506 1400 3597 πρὸς

245 3612 398 3707 εὐδοξίαν
418 3604 454 3683 εὖ
473 3618 721 3702 βεβουλεῦσθαι,
744 3620 804 3684 τοῦ
826 3619 864 3683 δέ
882 3620 1107 3705 συμφέροντος
1129 3618 1399 3705 διημαρτηκέναι·

247 3724 354 3811 (οισι.
381 3730 430 3810 ιι,
456 3730 506 3811 ιο,
525 3731 565 3810 4).
1207 3714 1211 3720 ’

347 3832 485 3900 Multum
497 3834 538 3900 ab
549 3834 599 3900 his
611 3834 719 3902 verbis
729 3832 787 3900 illa
795 3834 1072 3917 apophthegmata
1084 3833 1270 3917 discrepant
1283 3833 1317 3900 in
1329 3852 1400 3916 cap.

236 3948 286 4009 23
308 3942 416 4009 altera
435 3947 530 4025 parte
542 3942 628 4024 apud
646 3942 868 4024 Plutarchum,
889 3960 973 4023 qnae
992 3961 1029 4009 eo
1044 3946 1173 4009 tantum
1188 3947 1350 4026 spectant,
1364 3949 1402 4009 ιιι

247 4068 342 4130 quam
351 4055 441 4116 recte
451 4049 562 4116 futura
571 4049 677 4117 animo
689 4049 808 4116 Phocio
822 4050 1026 4132 prospexerit
1037 4050 1260 4133 intelligatur:
1274 4054 1400 4134 Θουμο-

247 4152 373 4242 ζόνιοον
386 4159 423 4224 δὲ
433 4160 570 4228 πολλῶν
581 4155 641 4242 τὴν
658 4150 725 4223 ὑπὸ
741 4159 802 4223 τοῦ
817 4158 1034 4236 Λεωσθένους
1043 4158 1244 4245 συνηγμένην
1261 4151 1401 4243 δύναμιν

236 4268 299 4331 ικαὶ
319 4270 379 4333 τοῦ
402 4267 581 4343 Φωκίωνος
602 4267 870 4351 πυνθανομένου,
891 4268 965 4344 ποῦς
989 4290 1021 4331 τι
1051 4267 1318 4351 παρεσκευάσθαι
1348 4269 1402 4334 do·

245 4377 361 4441 κοῦσιν
383 4370 487 4461 αὐτῷ,
511 4376 662 4465 ,,ααλῶς“
685 4372 746 4461 ἔφη
768 4369 873 4460 ,πρὸς
893 4369 933 4440 τύ
953 4368 1096 4441 στάδιον·
1118 4370 1178 4441 τὸν
1204 4375 1240 4440 δὲ
1267 4370 1400 4461 δόλιχον

247 4486 306 4559 τοῦ
320 4484 467 4569 πολέμου
490 4486 665 4568 φοβοῦμαι,
697 4479 774 4569 μήτε
796 4475 944 4570 χρήματα
963 4485 1020 4570 τῆς
1045 4479 1175 4562 πόλεως
1204 4480 1297 4570 ἕτερα
1323 4479 1402 4571 μήτε
1477 4549 1479 4553 ,

247 4596 325 4669 ναῦς
346 4584 422 4679 μήτε
437 4584 572 4667 ὁπλίτας
592 4584 758 4677 ι’χοιίσης.“
775 4596 809 4655 et
831 4593 927 4673 paulo
948 4592 1099 4660 inferius:
1195 4643 1202 4659 .
1224 4595 1278 4659 καί
1299 4594 1400 4661 πάλιν
