3234 5067
265 772 346 838 sisse
367 770 582 853 intelligatur,
610 762 809 855 ἀπόφθεγμα
832 771 916 850 quod
933 769 1051 836 Graeci
1071 773 1192 837 vocant
1213 771 1253 837 de
1269 771 1422 855 Ctesippo

265 883 331 947 lilio
354 879 524 957 Chabriae,
548 876 681 959 profert.
726 878 854 943 Abhinc
876 878 957 944 nihil
984 879 1047 945 nisi
1078 881 1353 970 apophthegmata
1378 882 1421 945 ad

264 1010 317 1056 res
370 991 465 1070 longe
492 986 600 1052 varias
627 985 659 1050 ai
690 986 837 1051 diversas
868 987 1068 1067 pertinentia
1097 988 1292 1054 Plutarchus
1321 990 1421 1054 contl-

263 1103 380 1165 nenter
399 1098 486 1162 inter
508 1113 543 1159 se
565 1094 738 1161 connectit.
782 1094 882 1159 Initio
912 1096 1037 1161 demum
1067 1096 1185 1178 capitis
1204 1096 1255 1161 XI
1274 1097 1350 1163 illuc
1370 1116 1419 1161 re·

262 1207 412 1286 vertitur,
436 1204 520 1269 unde
542 1202 576 1266 in
599 1201 707 1281 oaqite
729 1200 791 1267 VH
815 1203 991 1269 aberravit.
1036 1203 1117 1268 Nam
1141 1204 1242 1269 verba
1281 1206 1341 1269 Καὶ
1356 1200 1418 1289 μὴν

262 1312 327 1399 οἵγε
350 1334 510 1398 συμμαχοι
536 1310 650 1390 quibus
679 1309 747 1374 illic
774 1328 909 1376 narrare
933 1317 1042 1395 pergit
1076 1311 1239 1377 artissime
1267 1332 1339 1377 curn
1361 1313 1418 1378 illa

261 1422 448 1489 narratione
471 1419 664 1507 cohaerent,
697 1436 780 1497 quae
801 1418 1015 1501 initiocapitis
1041 1419 1255 1507 Vllblegitur,
1288 1438 1418 1500 remque

259 1532 323 1596 iam
345 1528 530 1611 legentibus
551 1531 660 1591 notam
683 1530 716 1593 in
743 1527 928 1593 memoriam
948 1527 1112 1611 redigunt.
1155 1527 1196 1594 In
1217 1527 1326 1609 capite
1348 1528 1417 1593 XII

258 1638 454 1704 Plutarchus
478 1636 517 1700 de
540 1634 645 1699 turbis
667 1639 797 1715 narrat,
821 1654 901 1716 quas
924 1636 1092 1717 Philippus
1110 1654 1168 1701 rex
1192 1634 1415 1717 Macedonum,

256 1751 292 1811 ut
322 1744 488 1810 Euboeam
517 1742 558 1807 ab
581 1742 830 1808 Atheniensibus
856 1744 1075 1826 abalienaret,
1103 1744 1136 1809 iu
1166 1742 1291 1825 oppidis
1322 1745 1416 1810 buius

256 1853 381 1919 insulae
399 1850 516 1919 effecit
565 1850 656 1932 Quae
685 1851 801 1916 turbae
822 1850 914 1917 intra
940 1871 1042 1918 annos
1063 1858 1125 1917 353
1145 1890 1187 1899 -
1202 1856 1266 1918 350
1288 1871 1316 1919 a.
1340 1852 1413 1920 Chr.

255 1982 286 2027 n.
309 1967 401 2027 ortae
424 1958 646 2045 surianam
668 1959 823 2041 temporis
845 1959 964 2025 Phooio
987 1960 1135 2039 quoniam
1159 1978 1241 2025 eum.
1255 1960 1295 2025 ol.
1309 1965 1359 2025 94.
1383 1980 1412 2027 a.

255 2076 285 2151 3,
309 2089 337 2138 a.
359 2074 422 2135 402
445 2088 475 2133 a.
501 2067 574 2131 (thr.
599 2058 761 2133 nuatum
787 2086 859 2132 esse
881 2068 952 2134 veri
982 2067 1085 2133 simile
1109 2069 1204 2152 est,²)
1227 2072 1413 2135 11111111-

254 2178 297 2243 tis
328 2180 424 2259 longe
452 2179 626 2257 provectus
655 2180 737 2242 erat.
783 2174 865 2240 Nam
895 2177 964 2241 fere
994 2177 1087 2241 homo
1116 2176 1413 2258 quinquagenarius

146 2339 150 2349 .
254 2290 336 2367 erat,
355 2282 783 2366 QuamobremPlutarchus
801 2284 860 2349 illa
881 2286 1159 2367 apophthegmata
1174 2284 1304 2363 quaein
1320 2303 1411 2367 capp.

254 2394 301 2459 lV
325 2432 367 2441 —
390 2394 440 2458 XI
461 2393 616 2475 leguntur
640 2392 731 2457 nulla
746 2392 813 2457 alia
842 2393 883 2458 de
902 2411 1000 2459 causa
1023 2393 1255 2474 interposuisse
1272 2392 1411 2472 videtur,

252 2502 314 2568 nisi
333 2508 371 2585 ut
393 2502 573 2586 obtegeret,
597 2518 632 2566 se
658 2500 698 2565 de
725 2499 831 2581 spatio
848 2500 932 2580 qnod
953 2500 1040 2565 inter
1059 2518 1203 2583 pugnam
1226 2500 1267 2565 ad
1284 2500 1410 2566 Naxum

252 2610 453 2675 commissam
478 2611 513 2672 et
533 2606 704 2672 Phocionis
720 2607 753 2671 111
776 2608 942 2673 Euboeam
963 2609 1140 2674 adventurn
1160 2608 1309 2689 interest,
1330 2608 1410 2673 nihil

250 2717 321 2783 fere
342 2716 493 2783 babuisse
508 2716 591 2796 quod
615 2716 655 2780 de
677 2715 733 2780 illo
749 2722 909 2782 narraret.
956 2716 1027 2797 Quo
1048 2717 1329 2799 apophthegmata
1351 2716 1410 2781 illa

250 2830 409 2908 spectent.
433 2830 566 2906 propter
595 2823 791 2889 brevitatem
817 2824 972 2889 narrandi
994 2843 1058 2905 qua
1078 2824 1274 2890 Plutarchus
1295 2825 1408 2903 utitur,

249 2936 436 3016 plerumque
467 2931 531 2998 iarn
566 2950 630 2997 non
662 2936 807 3012 apparet.
859 2931 899 2997 ln
931 2932 995 2997 fine
1024 2931 1143 3014 capitis
1171 2933 1409 2999 9Plutarchus

249 3041 473 3108 altercationis
496 3041 690 3105 mentionem
714 3040 812 3121 iacit,
845 3041 976 3121 quaein
1004 3041 1154 3107 contione
1175 3041 1263 3108 inter
1284 3042 1407 3125 Lycur-

250 3169 341 3233 gum,
371 3148 601 3215 Demosthenis
621 3149 710 3214 illum
736 3147 946 3230 familiarem,
973 3155 1008 3214 11
1035 3147 1228 3216 Phocionem
1249 3156 1322 3215 orta
1345 3156 1405 3215 est.

250 3259 387 3323 Praeter
422 3257 488 3322 alia
521 3256 611 3321 illum
643 3255 798 3322 Phocioni
826 3257 994 3338 opprobrio
1029 3257 1182 3339 vertisse,
1215 3258 1299 3337 quod
1332 3275 1404 3324 curn

248 3366 438 3431 Alexander
459 3364 667 3446 postulasset,
699 3370 736 3429 ut
758 3364 819 3429 sibi
842 3365 952 3429 decem
972 3365 1060 3431 cives
1078 3364 1297 3446 traderentur,
1318 3366 1405 3449 regis

248 3473 411 3543 voluntati
448 3491 567 3538 morem
598 3473 669 3555 geri
698 3473 815 3554 populo
848 3474 1014 3539 suasisset.
1060 3472 1110 3539 Ol.
1142 3478 1252 3539 autem
1280 3478 1352 3538 111.
1373 3481 1403 3540 2.

247 3602 276 3646 a.
298 3586 358 3646 335
371 3580 467 3661 paulo
482 3583 555 3660 post
572 3578 702 3646 Thebas
723 3580 849 3645 dirutas
869 3579 949 3646 illud
961 3581 1003 3645 ab
1018 3580 1272 3647 Atheniensibus
1293 3600 1402 3664 regern

248 3689 451 3770 efflagitasse
473 3691 644 3769 constane)
672 3687 748 3753 Etsi
779 3692 901 3768 quanto
929 3693 1002 3769 post
1023 3688 1195 3772 Lycurgus
1220 3688 1300 3755 illud
1331 3708 1402 3771 pro·

248 3796 340 3861 bruni
361 3794 516 3859 Phocioni
537 3795 765 3876 oblectaverit,
798 3814 839 3860 ex
868 3798 1144 3881 apophthegmate
1169 3798 1238 3879 ipso
1260 3815 1324 3863 non
1347 3816 1401 3879 ap-

352 4077 372 4144 ι1
392 4076 424 4129 cf.
444 4075 544 4129 Kraner
564 4074 591 4127 in
611 4075 675 4129 edit.
694 4075 766 4129 vitae
786 4075 866 4132 Phoc.
891 4076 962 4130 Plnt.
981 4077 1054 4144 Lipe.
1074 4079 1139 4131 1840
1157 4094 1200 4147 pg.
1218 4078 1252 4129 28
1270 4078 1297 4129 iu
1316 4076 1400 4131 mlnot

243 4169 283 4223 ad.
302 4182 357 4234 cap.
378 4168 417 4219 12.
1115 4224 1118 4227 ἢ

312 4256 434 4310 Sobaefer
452 4256 478 4308 in
494 4256 575 4309 libro:
594 4256 793 4321 Demosthenes,
814 4257 864 4309 111,
883 4257 907 4309 2.
925 4257 984 4313 330.

310 4345 400 4399 Plura:
422 4345 471 4398 Die
490 4346 619 4413 Tyrannis
638 4346 755 4399 1111111111
776 4346 868 4400 beiden
889 4347 1022 4411 Porioden,
1043 4349 1078 4400 ll.
1098 4350 1137 4402 75.

343 4457 365 4523 a)
384 4457 444 4510 vide
467 4457 568 4511 Kraner
590 4458 615 4511 in
635 4458 752 4511 aditione
778 4460 850 4513 vitae
868 4458 1009 4512 Phocionis
1029 4460 1100 4513 Plnt.
1120 4459 1190 4526 lips.
1211 4460 1283 4524 rulo,
1302 4477 1362 4529 pag.
1380 4461 1397 4514 8

241 4548 268 4600 111
286 4544 375 4600 adnot.
394 4547 426 4600 ad
445 4548 468 4601 8.

342 4655 364 4725 ⁸)
382 4658 414 4711 of.
434 4659 562 4725 Sobaefer,
582 4662 775 4717 Demosthenes
792 4661 843 4718 ΙΙΙ.
863 4665 886 4718 1.
906 4663 954 4715 1211
973 4678 1011 4730 sq.
