3234 5067
695 540 963 599 ..23-,

223 700 427 767 substantivo
443 694 630 785 παράταξις
650 706 688 789 (c.
712 710 741 770 7.
766 710 784 769 6
808 691 843 770 et
864 725 891 770 c.
921 711 968 772 15.
995 709 1028 792 1)
1060 708 1129 776 loco
1152 708 1378 774 vocabulorum

223 806 429 875 usitatiorum
460 810 573 877 utitur.
622 812 663 877 in
689 813 801 879 eodem
831 813 914 880 libro
942 816 1067 881 duobus
1094 817 1175 883 locis
1203 816 1380 898 composita

133 912 135 919 ’
193 962 194 965 ¹
224 916 316 982 vcubi
330 916 424 981 σείειν
449 917 678 985 inveniuntur:
716 925 765 988 10.
790 923 806 985 1
832 914 991 987 ἀνασείειν
1015 927 1049 988 et
1071 941 1099 989 c.
1122 928 1211 991 aab
1238 921 1380 989 saecuto.

225 1022 342 1103 Itaque
360 1024 444 1106 apud
469 1024 701 1110 Hieronymum
724 1028 809 1094 haec*
829 1029 988 1095 vocabula
1009 1028 1150 1096 Diodoro
1178 1030 1307 1111 saepius
1329 1048 1380 1096 oc·

224 1131 362 1197 currisse
392 1131 554 1199 videntur.
603 1133 745 1201 Easdem
771 1139 882 1203 autem
911 1153 1009 1212 uoces
1031 1136 1208 1207 inusitatas
1234 1137 1275 1204 iis
1302 1136 1381 1220 ipsis

224 1238 313 1322 locis,
336 1239 450 1321 quibus
467 1242 507 1307 de
521 1240 606 1310 hello
619 1243 774 1311 Lamiaco
784 1244 931 1311 breviter
938 1245 1175 1328 complectitur,
1186 1245 1382 1311 Plutarchus

223 1366 348 1429 quoquo
370 1347 463 1416 initio
480 1350 597 1433 capitis
616 1354 673 1419 26:
696 1346 750 1430 Ὡς
769 1353 805 1417 δὲ
827 1354 941 1438 φέρων
962 1354 1118 1420 ἐνέσεισεν
1143 1346 1163 1420 ὁ
1186 1354 1381 1439 Λεωσθένης

221 1452 281 1542 τὴν
302 1451 401 1523 πόλιν
424 1462 493 1525 κτλ.
516 1463 551 1523 et
572 1457 665 1524 inicio
687 1477 756 1541 cap.
782 1465 840 1525 26:
857 1452 971 1548 Ὀλίγῳ
983 1462 1019 1527 δὲ
1039 1455 1163 1546 Υὕστρσν
1177 1512 1270 1531 .....
1290 1485 1379 1548 γενο-

221 1565 319 1650 μένης
340 1558 440 1630 aditu
463 1565 500 1631 ἐν
530 1569 710 1651 Κραννῶνι
736 1561 952 1653 παρατάξεως
980 1574 1050 1635 κτλ.
1076 1570 1220 1638 adhibet.
1262 1570 1380 1651 ltaque

224 1690 288 1737 non
310 1674 447 1755 amplius
470 1674 601 1740 dubium
619 1693 690 1741 esse
699 1681 819 1759 potest,
831 1676 908 1757 quin
918 1676 1119 1745 Plutarchus
1127 1678 1161 1745 in
1169 1697 1240 1761 cap.
1252 1682 1377 1745 23-33

222 1780 384 1847 interdum
405 1800 465 1848 sua
488 1802 529 1849 en
551 1782 750 1867 Hieronymo
771 1785 956 1867 sumpserit.

274 1962 275 1965 ¹
324 1932 433 2012 Atque
462 1951 557 2013 porro
583 1936 806 2013 quaerendum
829 1941 894 2018 ost,
925 1937 1079 2017 quomodo
1106 1936 1163 2002 ille
1189 1936 1281 2002 libris
1311 1936 1379 2000 eius

221 2054 298 2103 usus
320 2039 372 2104 sit.
418 2039 617 2107 Permultum
639 2042 724 2107 enim
746 2042 902 2125 interest,
929 2048 1037 2109 utrum
1064 2044 1275 2126 Plutarchus,
1307 2062 1379 2109 cum

222 2144 393 2213 Phocionis
409 2138 512 2214 vitam
530 2149 698 2232 scriberet,
721 2169 861 2233 eaquae
883 2151 1023 2217 debello
1039 2150 1193 2217 Lamiaco
1216 2151 1320 2218 tradit
1339 2168 1380 2218 ex

96 2340 101 2350 .
222 2253 314 2319 libris
341 2254 531 2339 Hieronymi
559 2256 638 2337 ipsis
660 2258 820 2340 hauserit,
852 2276 894 2324 an
917 2241 1078 2340 epitomen
1103 2260 1317 2341 consuluerit,
1344 2260 1378 2325 in

227 2379 320 2442 quam
343 2362 442 2429 libros
463 2362 654 2447 Hieronymi
673 2364 847 2446 ahquando
870 2370 1037 2449 coegerat,
1064 2384 1107 2431 an
1129 2366 1283 2432 memoria
1305 2366 1379 2433 illos

223 2470 311 2537 locos
333 2471 375 2537 ad
397 2472 457 2537 hoc
480 2473 600 2539 bellum
621 2474 825 2555 pertinentes
846 2474 1009 2539 addiderit
1031 2474 1088 2561 (cf.
1109 2474 1172 2540 Ad.
1186 2474 1334 2540 Schmidt
1344 2474 1378 2539 in

220 2579 316 2645 libro:
344 2579 487 2672 Pericles
514 2582 580 2647 und
607 2582 677 2647 sein
702 2582 882 2663 Zeitalter,
913 2582 957 2647 II.
990 2601 1043 2665 pg.
1067 2587 1111 2648 54
1132 2583 1165 2647 in
1194 2585 1216 2665 ξ
1240 2583 1295 2663 qui
1325 2567 1378 2648 die

224 2687 431 2753 Grundsatze
452 2687 627 2754 Plutarchs
645 2688 856 2776 inscribitur).
874 2689 958 2755 Nam
980 2690 1118 2755 scientia
1139 2689 1234 2757 huius
1262 2690 1310 2756 rei
1331 2690 1378 2757 id·

222 2796 307 2861 circo
329 2796 513 2862 necessaria
535 2802 601 2879 est,
630 2796 714 2878 quod
743 2798 819 2864 inde
848 2801 1003 2880 apparet,
1032 2815 1129 2877 quam
1154 2798 1312 2863 rationem
1339 2816 1378 2863 ac

223 2904 308 2977 viam
331 2905 497 2988 ingressus
519 2904 563 2969 sit
584 2886 621 2971 in*
629 2904 792 2971 Phocione
815 2900 1041 2987 componendo.
1075 2904 1248 2972 Rationem
1268 2909 1378 2972 autem

224 3031 263 3101 ac
285 3014 371 3081 viam
395 3014 423 3079 si
446 3012 646 3097 cognoveris,
675 3032 712 3079 eo
734 3012 865 3080 facilius
887 3012 1065 3079 diiudicare
1086 3012 1224 3096 poteris,
1254 3016 1378 3094 quauta

219 3120 257 3187 in
275 3139 468 3202 unaquaque
490 3120 561 3187 vita
582 3120 623 3187 iis
638 3139 722 3202 quae
731 3120 929 3187 Plutarchus
940 3129 1055 3187 narrat
1072 3120 1152 3187 fides
1164 3122 1313 3188 habenda
1323 3119 1377 3188 sit.

326 3269 374 3333 Ac
394 3267 486 3333 nobis
507 3266 636 3347 quidem
643 3266 856 3333 Plutarchum
876 3268 916 3333 de
937 3268 1023 3334 hello
1040 3267 1378 3334 Laimaoosecundum

90 3364 101 3375 ‘
198 3370 200 3375 ’
223 3376 384 3456 epitomen
407 3393 541 3441 narrare
563 3374 694 3442 videtur
717 3376 788 3442 veri
811 3376 1007 3442 simillimum
1028 3392 1110 3441 esse.

327 3505 380 3569 Ad
413 3504 498 3571 hanc
526 3506 707 3585 opinionem
731 3506 931 3587 pmhandam
956 3505 1128 3571 doceamus
1155 3522 1289 3571 necesse
1316 3507 1376 3586 est,

224 3611 325 3700 illum,
348 3615 524 3692 antequam
536 3610 731 3679 Phocionem
747 3613 915 3694 scriberet,
938 3611 1037 3677 libros
1055 3610 1234 3679 Hieronimi
1249 3610 1377 3677 omnino

224 3718 422 3802 cognovisse.
467 3718 578 3801 Neque
609 3725 674 3803 est,
702 3719 786 3801 quod
812 3725 884 3785 tam
909 3719 1007 3785 facile
1034 3720 1186 3801 expedire
1210 3719 1376 3801 possimus.

223 3826 305 3893 Nam
326 3828 359 3894 in
376 3828 531 3910 Eumene,
554 3844 637 3909 quae
659 3828 729 3894 vita
750 3826 868 3893 iudicio
890 3826 1061 3905 Michaelis
1081 3828 1114 3893 in
1132 3818 1243 3892 libello
1265 3828 1305 3892 de
1325 3845 1374 3892 or-

149 3930 153 3938 ’
223 3936 298 4003 dine
320 3936 412 4003 vitae
433 3936 584 4017 parallel.
604 3935 692 4001 Plut.
714 3933 859 4001 Berolini
885 3952 988 4016 nuper
1008 3939 1127 4017 (1875)
1148 3934 1235 4001 edito
1258 3954 1311 4018 pg.
1335 3940 1377 4001 20

224 4062 271 4125 sq.
294 4044 381 4111 inter
398 4044 519 4126 primas
546 4062 627 4123 quas
648 4043 846 4111 Plutarchus
871 4044 1063 4126 conscripsit
1089 4043 1288 4110 numeranda
1313 4048 1375 4126 est,

223 4152 455 4236 Hieronymum
472 4152 673 4233 potissimum
694 4151 752 4217 ille
773 4155 905 4217 secutus
926 4156 988 4218 ost.
1014 4151 1057 4218 cf.
1084 4151 1190 4216 Reuss
1211 4150 1246 4216 in
1269 4151 1373 4219 libro:

225 4260 440 4344 Hieronymus
460 4278 523 4328 uon
541 4259 675 4326 Kardia.
697 4259 824 4326 Deinde
832 4259 1029 4327 Plutarchus
1050 4276 1188 4339 eaquae
1210 4259 1293 4341 legit
1311 4278 1375 4326 non

227 4387 398 4450 numquam
422 4368 550 4449 quidem
570 4385 743 4449 excerpere
765 4367 880 4434 solitus
899 4371 959 4434 est.
1001 4367 1085 4433 Nam
1106 4385 1142 4434 se
1162 4385 1202 4434 ea
1222 4385 1306 4448 quae
1321 4386 1375 4434 ex·

231 4475 404 4557 cerpsisset
424 4476 459 4541 in
479 4494 576 4542 unum
598 4476 693 4557 quasi
714 4494 829 4559 corpus
851 4474 1033 4543 confudisse
1054 4474 1177 4556 ipsein
1202 4475 1311 4542 libello
1333 4475 1373 4541 de

224 4584 464 4665 tranquillitate
486 4584 585 4654 animi
607 4603 677 4668 cap.
700 4591 716 4652 1
738 4584 871 4653 fatetur.
894 4585 936 4653 cf.
958 4582 1105 4653 Schmidt
1131 4584 1165 4652 iu
1186 4583 1284 4652 libro:
1313 4584 1372 4653 Pe·
