3234 5067
666 587 904 661 415-

213 768 305 846 suut,
330 766 466 830 eumin
494 766 715 831 ‘Athenienses
733 766 834 832 fuisse
857 767 967 833 animo
991 764 1204 831 infestissimo
1233 771 1269 830 et
1291 767 1377 845 quod

212 878 280 941 tum
304 873 459 955 temporis
482 875 612 957 saepius
633 873 717 941 idem
738 879 827 956 erat,
860 892 992 941 causam
1014 874 1227 939 Macedonum
1250 873 1377 956 egisse?

313 982 490 1064 Populares
512 987 623 1049 autem
646 987 761 1049 auctor
782 982 953 1048 Plutarchi
965 1000 1035 1048 ’uon
1051 983 1153 1048 solum
1174 987 1212 1047 ut
1231 982 1376 1047 homines

211 1090 436 1168 tumultuosos,
459 1110 566 1157 rerum
588 1108 743 1157 novarum
773 1092 936 1177 studiosos
962 1090 1171 1173 plurimisque
1194 1092 1377 1173 octupatio·

211 1197 306 1264 nibus
327 1198 489 1265 distentos
516 1199 665 1281 increpat
682 1210 806 1266 'verum
835 1201 936 1266 etiam
967 1200 1078 1265 multis
1104 1199 1178 1265 aliis
1198 1199 1289 1266 vitiis
1310 1219 1376 1265 ser·

210 1306 339 1373 vientes
359 1306 548 1377 introducit.
580 1308 686 1374 'Inter
716 1326 771 1373 eos
804 1309 1025 1390 reperiuntur,
1056 1312 1095 1374 ut
1112 1308 1283 1374 Plutarchi
1304 1327 1376 1375 uer-

209 1415 259 1481 uis
293 1422 382 1498 utar,
417 1410 553 1481 ἄτακτοι
584 1418 650 1480 καὶ·
665 1410 758 1480 λάλοι
788 1418 842 1480 καὶ
871 1418 1020 1502 πονηροί.
1063 1415 1106 1482 uf.
1129 1416 1212 1482 XII:
1239 1420 1312 1482 Τῶν
1333 1418 1377 1482 δὲ

210 1517 376 1600 ἀτάκτων,
391 1526 444 1589 καὶ
462 1518 578 1589 ξλάλων
604 1526 660 1587 καὶ
690 1528 851 1609 πονηρῶν
891 1516 1197 1608 διαδιδρασκόντων
1242 1524 1279 1589 ἐκ
1315 1526 1377 1589 tou

210 1632 436 1716 στρατοπέδου
466 1632 520 1695 καὶ
550 1626 823 1716 ἀποχωρούντων
860 1637 929 1726 uti.
988 1633 1066 1713 Cap.
1090 1638 1130 1697 23
1159 1632 1280 1697 Phociu
1307 1618 1376 1698 tum
1437 1672 1440 1678 κ

209 1757 243 1805 se
278 1741 398 1806 bellum
431 1758 599 1806 suasurum
643 1758 714 1805 esse
748 1739 843 1819 dicit,
877 1734 960 1805 ὅταν
988 1737 1067 1816 τοὺς
1096 1741 1155 1823 μὲν
1186 1742 1282 1817 νέους
1313 1739 1375 1805 ido

208 1845 267 1935 τὴν
285 1842 379 1928 τάξιν
396 1848 617 1933 βουλομένους
633 1842 823 1931 φυλάττειν.
868 1848 995 1914 Eodem
1009 1848 1219 1930 popularibus
1234 1849 1376 1930 iniquum

207 1956 347 2023 aninrutu
370 1976 409 2023 ea
432 1956 620 2040 significant
640 1976 727 2037 quae
745 1956 778 2022 in
794 1956 902 2022 altera
916 1962 1011 2038 parte
1026 1955 1150 2037 capitis
1176 1961 1217 2022 24
1231 1962 1269 2022 'et
1289 1976 1374 2037 quae

206 2064 240 2131 ih
257 2076 340 2148 “cap
362 2068 417 2131 ‘25
452 2066 528 2131 inde
551 2049 572 2131 a
597 2065 705 2132 verbis
729 2058 784 2142 ‘su
817 2063 853 2130 δὲ
889 2066 1148 2150 προστρέχοντες
1187 2060 1376 2151 α’λλαχδθεν
1447 2044 1454 2055 ⁰

208 2168 306 2252 ἄλλος
329 2167 581 2259 διεστρατήγουν
600 2177 671 2239 κτλ.
695 2173 861 2255 leguntur.

225 2282 260 2299 ’¹
297 2282 473 2348 'Constans
491 2280 595 2364 igitur
613 2281 648 2363 in
672 2282 846 2363 populares
865 2295 1037 2361 eorumque
1067 2283 1230 2364 principes
1256 2282 1374 2362 odium,

207 2390 291 2471 quod
319 2390 437 2455 iterum
467 2393 566 2469 atque
590 2390 711 2454 iterum
732 2390 858 2470 elucet,
893 2389 997 2472 prima
1026 2395 1078 2455 est
1100 2409 1213 2471 causap
1236 2408 1293 2454 cur
1315 2390 1374 2455 illa

207 2498 326 2581 capita,
350 2516 433 2596 quae
449 2496 554 2579 'supro
576 2496 853 2579 enumeravimus
883 2497 1037 2563 universa
1065 2516 1106 2563 ex
1126 2516 1189 2563 uno
1210 2501 1311 2577 atque
1325 2516 1372 2563 <ax

206 2608 297 2674 fonte
320 2605 493 2688 principali
515 2605 686 2671 Plutarchi
708 2612 839 2688 sumpta
871 2625 943 2672 esse
972 2612 1132 2688 putamus.
1178 2608 1295 2673 Altera
1317 2625 1373 2673 au·

207 2714 273 2781 tem
292 2734 391 2781 causa
414 2720 475 2797 est,
499 2715 585 2794 quod
605 2714 693 2779 iniis
715 2714 861 2781 homines
880 2717 923 2780 ah
940 2716 1118 2781 Academia
1136 2716 1276 2798 profecti
1293 2734 1372 2797 prae

207 2815 401 2907 oratoribus
424 2823 478 2904 qui
501 2828 570 2889 tum
590 2823 731 2889 Athenis
751 2823 930 2904 florebant,
963 2823 1078 2889 mirum
1101 2829 1257 2904 quantum
1279 2843 1371 2905 prae·

206 2934 365 2999 dicantur.
411 2932 530 3022 Eorum
548 2942 651 3014 *opera
674 2935 708 2997 et
725 2931 869 2997 consiliis
889 2931 938 2996 rei
959 2932 1109 3013 publicae
1125 2933 1166 2997 ab
1188 2932 1372 2998 oratoribus

206 3042 259 3107 ad
266 3040 442 3107 discrimen
464 3058 503 3105 ac
517 3046 620 3121 paene
643 3040 684 3105 ad
707 3038 876 3105 interitum
889 3039 1012 3105 adduct
997 3044 1053 3105 tae
1069 3040 1157 3106 salut
1142 3044 1207 3106 tem
1231 3041 1370 3106 allatam

171 3226 172 3231 ρ
206 3169 278 3217 esse
297 3150 396 3231 apud
424 3148 650 3215 Plutarchum·
659 3148 788 3244 saepius
820 3148 966 3231 legimus.
1013 3148 1126 3213 Velut
1099 3148 1173 3213 tin
1196 3166 1266 3230 cap.
1274 3149 1371 3214 XIV

206 3254 308 3325 onrni's
329 3256 464 3341 culpe
454 3274 488 3321 ru
511 3261 657 3322 oratores
678 3254 863 3337 confert‚ur
894 3257 978 3335 quod
1001 3257 1125 3321 thares
1147 3256 1211 3322 etsi
1239 3262 1372 3337 propter

206 3358 396 3434 uexationes
417 3365 503 3449 apud
527 3365 630 3431 socios
648 3366 733 3430 male
748 3364 914 3446 audiebat
890 3369 1049 3430 ttamen
1067 3364 1261 3448 Byzantinis
1279 3367 1370 3431 auxi·

207 3476 249 3541 lio
267 3474 399 3541 missus
416 3478 487 3540 est.
539 3471 732 3554 Quamoram
746 3472 785 3537 ei
808 3472 933 3538 aditum
956 3473 989 3538 in
1016 3473 1167 3555 oppidum
1194 3472 1372 3554 oppidanos
1393 3526 1396 3532 .

206 3585 372 3665 clausisse,
393 3582 564 3649 Phocionis
587 3587 696 3648 autem
720 3581 858 3647 classem
879 3582 1020 3647 libenter
1040 3581 1202 3663 acepisse,
1224 3600 1370 3664 praeser-

205 3683 263 3756 tim
292 3690 386 3757 Λέων
417 3684 499 3776 ἀνὴρ
530 3684 723 3775 Βοζοντίων
754 3692 889 3775 πρῶτος
917 3684 1017 3775 α’ρετῇ
1045 3691 1098 3754 καὶ
1133 3692 1183 3775 τῷ
1212 3687 1368 3755 Φωκίωνι

204 3790 346 3885 γεγονώς
366 3797 402 3863 ἒν
427 3792 616 3886 Ἀκαδημείᾳ
650 3794 794 3885 συνήθης
822 3804 891 3864 κτλ.
923 3798 1072 3880 oppidum
1101 3797 1234 3864 civitati
1259 3802 1367 3864 tutum

204 3911 399 4033 praestaret.
442 3905 560 4005 Itaque
590 3908 782 3991 contigisse,
813 3912 850 3973 ut
875 3908 1016 3990 Byzant
1007 3926 1071 3973 rum
1100 3912 1376 3988 conservaretur·

205 4042 223 4082 ο
242 4010 392 4103 μὲνίστὴν
410 4038 514 4101 ροπην
531 4012 666 4101 ἐποίησε
682 4012 766 4127 πρὸς
780 4013 819 4080 τὸ
837 4014 987 4102 σωθῆναι
1009 4012 1049 4081 τὸ
1064 4011 1258 4100 Βυζάντιον.
1274 4016 1367 4100 (ibid.

205 4144 275 4208 cap.
307 4114 413 4211 XIV).
466 4120 705 4190 Phocionem
691 4129 759 4191 aut
762 4142 812 4190 em
841 4125 944 4206 ipsum
979 4124 1056 4189 Plat
1042 4124 1110 4190 toni
1132 4129 1167 4189 et
1187 4124 1368 4191 Xenocrati

204 4254 335 4317 operam
357 4233 485 4299 dedisse
507 4233 589 4300 med.
608 4250 677 4313 cap.
698 4232 750 4297 lV
772 4238 888 4299 narrat
890 4252 937 4299 ur

218 4362 221 4371 ·
308 4342 406 4408 Initio
430 4360 511 4423 cap·
523 4340 638 4406 XXVI
666 4341 743 4405 Ant'
719 4344 803 4421 trpat
802 4358 876 4406 rum
900 4347 974 4423 post
1002 4340 1127 4406 cladem
1156 4342 1243 4423 apud
1265 4339 1365 4407 Cran-

204 4458 319 4517 nonem
350 4468 420 4515 oum
444 4450 590 4515 exercitu
619 4446 660 4513 ad
688 4449 838 4514 Athenas
867 4449 1047 4530 profectum
1076 4462 1148 4513 esse
1168 4448 1367 4516 Plutarchus

202 4558 315 4623 tradit.
379 4556 478 4623 (lum
500 4540 737 4622 Demosthenes
769 4560 803 4619 et
843 4556 1027 4640 Hyperides
1060 4575 1094 4621 se
1126 4554 1365 4642 subduxissent,

204 4664 396 4733 Phocionem
432 4667 471 4732 de
504 4686 584 4747 pace
617 4663 748 4743 Thebas
779 4664 812 4728 in
847 4674 957 4733 castra
990 4667 1077 4731 illius
1119 4666 1252 4732 missum
1294 4686 1366 4733 esse
