<?xml version="1.0" encoding="UTF-8"?>
<!DOCTYPE html PUBLIC "-//W3C//DTD XHTML 1.0 Transitional//EN"
    "http://www.w3.org/TR/xhtml1/DTD/xhtml1-transitional.dtd">
<html xmlns="http://www.w3.org/1999/xhtml" xml:lang="en" lang="en">
 <head>
  <title>
</title>
<meta http-equiv="Content-Type" content="text/html;charset=utf-8" />
  <meta name='ocr-system' content='tesseract 3.04.00' />
  <meta name='ocr-capabilities' content='ocr_page ocr_carea ocr_par ocr_line ocrx_word'/>
</head>
<body>
  <div class='ocr_page' id='page_1' title='image "./quaestionesdefo00fricgoog_0038.png"; bbox 0 0 3234 5067; ppageno 0'>
   <div class='ocr_carea' id='block_1_1' title="bbox 758 538 970 598">
    <p class='ocr_par' dir='ltr' id='par_1_1' title="bbox 758 538 970 598">
     <span class='ocr_line' id='line_1_1' title="bbox 758 538 970 598; baseline -0.009 -13"><span class='ocrx_word' id='word_1_1' title='bbox 758 538 970 598; x_wconf 76' lang='lat'>..34-</span> 
     </span>
    </p>
   </div>
   <div class='ocr_carea' id='block_1_2' title="bbox 270 704 1441 2525">
    <p class='ocr_par' dir='ltr' id='par_1_2' title="bbox 280 704 1441 1542">
     <span class='ocr_line' id='line_1_2' title="bbox 389 704 1440 791; baseline 0.002 -20"><span class='ocrx_word' id='word_1_2' title='bbox 389 706 451 771; x_wconf 80' lang='lat' dir='ltr'><strong>Ac</strong></span> <span class='ocrx_word' id='word_1_3' title='bbox 467 705 602 787; x_wconf 86' lang='lat' dir='ltr'><strong>primum</strong></span> <span class='ocrx_word' id='word_1_4' title='bbox 624 704 752 785; x_wconf 84' lang='lat' dir='ltr'><strong>quidem</strong></span> <span class='ocrx_word' id='word_1_5' title='bbox 773 708 952 788; x_wconf 78' lang='lat' dir='ltr'><strong>auctorem,</strong></span> <span class='ocrx_word' id='word_1_6' title='bbox 983 724 1077 787; x_wconf 87' lang='lat' dir='ltr'><strong>quem</strong></span> <span class='ocrx_word' id='word_1_7' title='bbox 1099 706 1207 789; x_wconf 81' lang='lat' dir='ltr'>Nepos</span> <span class='ocrx_word' id='word_1_8' title='bbox 1228 710 1359 775; x_wconf 88' lang='lat' dir='ltr'><strong>secutus</strong></span> <span class='ocrx_word' id='word_1_9' title='bbox 1379 712 1440 791; x_wconf 89' lang='lat' dir='ltr'><strong>est,</strong></span> 
     </span>
     <span class='ocr_line' id='line_1_3' title="bbox 284 812 1439 899; baseline 0.003 -18"><span class='ocrx_word' id='word_1_10' title='bbox 284 813 425 896; x_wconf 87' lang='lat' dir='ltr'><strong>partium</strong></span> <span class='ocrx_word' id='word_1_11' title='bbox 466 813 667 897; x_wconf 86' lang='lat' dir='ltr'><strong>popularium</strong></span> <span class='ocrx_word' id='word_1_12' title='bbox 704 813 805 881; x_wconf 85' lang='lat' dir='ltr'><strong>fuisse</strong></span> <span class='ocrx_word' id='word_1_13' title='bbox 844 812 1050 883; x_wconf 76' lang='lat' dir='ltr'><strong>manifestem</strong></span> <span class='ocrx_word' id='word_1_14' title='bbox 1087 819 1148 882; x_wconf 90' lang='lat' dir='ltr'><strong>est.</strong></span> <span class='ocrx_word' id='word_1_15' title='bbox 1205 815 1288 883; x_wconf 90' lang='lat' dir='ltr'><strong>Nam</strong></span> <span class='ocrx_word' id='word_1_16' title='bbox 1320 834 1389 899; x_wconf 91' lang='lat' dir='ltr'><strong>cap.</strong></span> <span class='ocrx_word' id='word_1_17' title='bbox 1418 822 1439 884; x_wconf 78' lang='lat'><strong>2</strong></span> 
     </span>
     <span class='ocr_line' id='line_1_4' title="bbox 283 921 1438 1009; baseline 0.002 -20"><span class='ocrx_word' id='word_1_18' title='bbox 283 921 347 1009; x_wconf 78' lang='lat'><strong>§2</strong></span> <span class='ocrx_word' id='word_1_19' title='bbox 384 922 469 989; x_wconf 89' lang='lat' dir='ltr'><strong>male</strong></span> <span class='ocrx_word' id='word_1_20' title='bbox 496 922 636 1005; x_wconf 89' lang='lat' dir='ltr'><strong>patriam</strong></span> <span class='ocrx_word' id='word_1_21' title='bbox 667 921 860 989; x_wconf 78' lang='lat' dir='ltr'><strong>Phocionem</strong></span> <span class='ocrx_word' id='word_1_22' title='bbox 900 923 966 989; x_wconf 88' lang='lat' dir='ltr'><strong>illis</strong></span> <span class='ocrx_word' id='word_1_23' title='bbox 1008 924 1206 1006; x_wconf 79' lang='lat' dir='ltr'><strong>temporibus</strong></span> <span class='ocrx_word' id='word_1_24' title='bbox 1240 925 1438 993; x_wconf 87' lang='lat' dir='ltr'><strong>consuluisse</strong></span> 
     </span>
     <span class='ocr_line' id='line_1_5' title="bbox 282 1030 1438 1117; baseline 0.003 -20"><span class='ocrx_word' id='word_1_25' title='bbox 282 1030 436 1114; x_wconf 85' lang='lat' dir='ltr'><strong>legimus,</strong></span> <span class='ocrx_word' id='word_1_26' title='bbox 478 1030 594 1113; x_wconf 89' lang='lat' dir='ltr'><strong>quibus</strong></span> <span class='ocrx_word' id='word_1_27' title='bbox 631 1030 808 1114; x_wconf 76' lang='lat' dir='ltr'><strong>Antipater</strong></span> <span class='ocrx_word' id='word_1_28' title='bbox 842 1048 914 1097; x_wconf 92' lang='lat' dir='ltr'><strong>cum</strong></span> <span class='ocrx_word' id='word_1_29' title='bbox 950 1032 1097 1099; x_wconf 84' lang='lat' dir='ltr'><strong>exercitu</strong></span> <span class='ocrx_word' id='word_1_30' title='bbox 1123 1034 1166 1100; x_wconf 89' lang='lat' dir='ltr'><strong>ad</strong></span> <span class='ocrx_word' id='word_1_31' title='bbox 1199 1034 1349 1101; x_wconf 89' lang='lat' dir='ltr'><strong>Athenas</strong></span> <span class='ocrx_word' id='word_1_32' title='bbox 1382 1052 1438 1117; x_wconf 88' lang='lat' dir='ltr'><strong>ap·</strong></span> 
     </span>
     <span class='ocr_line' id='line_1_6' title="bbox 282 1138 1437 1226; baseline 0.006 -23"><span class='ocrx_word' id='word_1_33' title='bbox 282 1138 521 1221; x_wconf 86' lang='lat' dir='ltr'><strong>propinquavit.</strong></span> <span class='ocrx_word' id='word_1_34' title='bbox 574 1140 687 1207; x_wconf 85' lang='lat' dir='ltr'><strong>Laude</strong></span> <span class='ocrx_word' id='word_1_35' title='bbox 717 1139 819 1223; x_wconf 80' lang='lat' dir='ltr'><strong>igitur</strong></span> <span class='ocrx_word' id='word_1_36' title='bbox 849 1140 974 1206; x_wconf 92' lang='lat' dir='ltr'><strong>auctori</strong></span> <span class='ocrx_word' id='word_1_37' title='bbox 1004 1140 1139 1223; x_wconf 85' lang='lat' dir='ltr'><strong>Nepotis</strong></span> <span class='ocrx_word' id='word_1_38' title='bbox 1166 1141 1257 1226; x_wconf 84' lang='lat' dir='ltr'><strong>digni</strong></span> <span class='ocrx_word' id='word_1_39' title='bbox 1291 1161 1362 1210; x_wconf 87' lang='lat' dir='ltr'><strong>esse</strong></span> <span class='ocrx_word' id='word_1_40' title='bbox 1389 1144 1437 1209; x_wconf 88' lang='lat' dir='ltr'><strong>vi·</strong></span> 
     </span>
     <span class='ocr_line' id='line_1_7' title="bbox 280 1235 1441 1332; baseline 0.004 -19"><span class='ocrx_word' id='word_1_41' title='bbox 280 1248 415 1332; x_wconf 86' lang='lat' dir='ltr'><strong>dentur,</strong></span> <span class='ocrx_word' id='word_1_42' title='bbox 445 1248 500 1329; x_wconf 83' lang='lat' dir='ltr'><strong>qui</strong></span> <span class='ocrx_word' id='word_1_43' title='bbox 538 1248 707 1317; x_wconf 84' lang='lat' dir='ltr'><strong>etiamtum</strong></span> <span class='ocrx_word' id='word_1_44' title='bbox 741 1252 779 1314; x_wconf 92' lang='lat' dir='ltr'><strong>nt</strong></span> <span class='ocrx_word' id='word_1_45' title='bbox 812 1235 1045 1315; x_wconf 78' lang='lat' dir='ltr'><strong>Macedonibus</strong></span> <span class='ocrx_word' id='word_1_46' title='bbox 1084 1253 1277 1317; x_wconf 88' lang='lat' dir='ltr'><strong>resisterent</strong></span> <span class='ocrx_word' id='word_1_47' title='bbox 1314 1251 1441 1320; x_wconf 82' lang='lat' dir='ltr'><strong>civibus</strong></span> 
     </span>
     <span class='ocr_line' id='line_1_8' title="bbox 281 1356 1439 1439; baseline 0.003 -18"><span class='ocrx_word' id='word_1_48' title='bbox 281 1360 515 1438; x_wconf 88' lang='lat' dir='ltr'><strong>persuaserunt</strong></span> <span class='ocrx_word' id='word_1_49' title='bbox 542 1363 577 1423; x_wconf 89' lang='lat' dir='ltr'><strong>et</strong></span> <span class='ocrx_word' id='word_1_50' title='bbox 601 1357 752 1439; x_wconf 90' lang='lat' dir='ltr'><strong>populum</strong></span> <span class='ocrx_word' id='word_1_51' title='bbox 775 1356 1022 1424; x_wconf 86' lang='lat' dir='ltr'><strong>Atheniensium</strong></span> <span class='ocrx_word' id='word_1_52' title='bbox 1045 1357 1087 1423; x_wconf 89' lang='lat' dir='ltr'><strong>ad</strong></span> <span class='ocrx_word' id='word_1_53' title='bbox 1109 1357 1297 1425; x_wconf 90' lang='lat' dir='ltr'><strong>libertatem</strong></span> <span class='ocrx_word' id='word_1_54' title='bbox 1326 1359 1439 1426; x_wconf 89' lang='lat' dir='ltr'><strong>defen-</strong></span> 
     </span>
     <span class='ocr_line' id='line_1_9' title="bbox 287 1464 658 1542; baseline 0.003 -13"><span class='ocrx_word' id='word_1_55' title='bbox 287 1464 425 1531; x_wconf 87' lang='lat' dir='ltr'><strong>dendam</strong></span> <span class='ocrx_word' id='word_1_56' title='bbox 447 1469 658 1542; x_wconf 81' lang='lat' dir='ltr'><strong>vocaverunt.</strong></span> 
     </span>
    </p>

    <p class='ocr_par' dir='ltr' id='par_1_3' title="bbox 277 1570 1436 1872">
     <span class='ocr_line' id='line_1_10' title="bbox 382 1570 1436 1663; baseline 0.003 -25"><span class='ocrx_word' id='word_1_57' title='bbox 382 1571 508 1639; x_wconf 87' lang='lat' dir='ltr'><strong>Deinde</strong></span> <span class='ocrx_word' id='word_1_58' title='bbox 530 1572 587 1639; x_wconf 92' lang='lat' dir='ltr'><strong>illo</strong></span> <span class='ocrx_word' id='word_1_59' title='bbox 608 1572 678 1640; x_wconf 93' lang='lat' dir='ltr'><strong>loco</strong></span> <span class='ocrx_word' id='word_1_60' title='bbox 700 1570 856 1639; x_wconf 88' lang='lat' dir='ltr'><strong>Phocinni</strong></span> <span class='ocrx_word' id='word_1_61' title='bbox 877 1571 1004 1663; x_wconf 87' lang='lat' dir='ltr'><strong>crimini</strong></span> <span class='ocrx_word' id='word_1_62' title='bbox 1026 1572 1134 1655; x_wconf 90' lang='lat' dir='ltr'><strong>datur,</strong></span> <span class='ocrx_word' id='word_1_63' title='bbox 1154 1572 1238 1653; x_wconf 82' lang='lat' dir='ltr'><strong>qnod</strong></span> <span class='ocrx_word' id='word_1_64' title='bbox 1260 1573 1436 1641; x_wconf 89' lang='lat' dir='ltr'><strong>Athenien·</strong></span> 
     </span>
     <span class='ocr_line' id='line_1_11' title="bbox 277 1679 1431 1763; baseline 0.003 -18"><span class='ocrx_word' id='word_1_65' title='bbox 277 1682 367 1749; x_wconf 89' lang='lat' dir='ltr'><strong>sibus</strong></span> <span class='ocrx_word' id='word_1_66' title='bbox 396 1688 510 1749; x_wconf 90' lang='lat' dir='ltr'><strong>auctor</strong></span> <span class='ocrx_word' id='word_1_67' title='bbox 532 1680 612 1763; x_wconf 88' lang='lat' dir='ltr'><strong>fuit,</strong></span> <span class='ocrx_word' id='word_1_68' title='bbox 644 1687 681 1746; x_wconf 90' lang='lat' dir='ltr'><strong>ut</strong></span> <span class='ocrx_word' id='word_1_69' title='bbox 707 1679 944 1750; x_wconf 87' lang='lat' dir='ltr'><strong>Demosthenes</strong></span> <span class='ocrx_word' id='word_1_70' title='bbox 970 1700 1041 1748; x_wconf 92' lang='lat' dir='ltr'><strong>cum</strong></span> <span class='ocrx_word' id='word_1_71' title='bbox 1074 1686 1194 1750; x_wconf 92' lang='lat' dir='ltr'><strong>ceteris</strong></span> <span class='ocrx_word' id='word_1_72' title='bbox 1217 1680 1271 1763; x_wconf 87' lang='lat' dir='ltr'><strong>qui</strong></span> <span class='ocrx_word' id='word_1_73' title='bbox 1292 1682 1431 1749; x_wconf 82' lang='lat' dir='ltr'><strong>beneda</strong></span> 
     </span>
     <span class='ocr_line' id='line_1_12' title="bbox 279 1788 1273 1872; baseline 0.002 -17"><span class='ocrx_word' id='word_1_74' title='bbox 279 1789 446 1872; x_wconf 86' lang='lat' dir='ltr'><strong>republica</strong></span> <span class='ocrx_word' id='word_1_75' title='bbox 467 1788 575 1857; x_wconf 90' lang='lat' dir='ltr'><strong>meriti</strong></span> <span class='ocrx_word' id='word_1_76' title='bbox 597 1789 813 1870; x_wconf 86' lang='lat' dir='ltr'><strong>habebantur,</strong></span> <span class='ocrx_word' id='word_1_77' title='bbox 835 1788 1021 1855; x_wconf 82' lang='lat' dir='ltr'><strong>inexilium</strong></span> <span class='ocrx_word' id='word_1_78' title='bbox 1045 1790 1273 1871; x_wconf 84' lang='lat' dir='ltr'><strong>expelleretur.</strong></span> 
     </span>
    </p>

    <p class='ocr_par' dir='ltr' id='par_1_4' title="bbox 270 1895 1437 2525">
     <span class='ocr_line' id='line_1_13' title="bbox 381 1895 1437 1983; baseline -0.003 -20"><span class='ocrx_word' id='word_1_79' title='bbox 381 1897 528 1964; x_wconf 78' lang='lat' dir='ltr'><strong>Tertium</strong></span> <span class='ocrx_word' id='word_1_80' title='bbox 556 1897 694 1977; x_wconf 89' lang='lat' dir='ltr'><strong>denique</strong></span> <span class='ocrx_word' id='word_1_81' title='bbox 716 1896 749 1962; x_wconf 90' lang='lat' dir='ltr'><strong>in</strong></span> <span class='ocrx_word' id='word_1_82' title='bbox 773 1900 812 1983; x_wconf 60' lang='grc' dir='ltr'><strong>ἐξ</strong></span> <span class='ocrx_word' id='word_1_83' title='bbox 834 1902 855 1961; x_wconf 92' lang='grc'>4</span> <span class='ocrx_word' id='word_1_84' title='bbox 875 1901 910 1963; x_wconf 90' lang='lat' dir='ltr'><strong>et</strong></span> <span class='ocrx_word' id='word_1_85' title='bbox 932 1904 950 1963; x_wconf 83' lang='lat'>5</span> <span class='ocrx_word' id='word_1_86' title='bbox 974 1896 1117 1963; x_wconf 90' lang='lat' dir='ltr'><strong>eiusdem</strong></span> <span class='ocrx_word' id='word_1_87' title='bbox 1134 1897 1252 1979; x_wconf 88' lang='lat' dir='ltr'><strong>capitis</strong></span> <span class='ocrx_word' id='word_1_88' title='bbox 1267 1895 1437 1978; x_wconf 86' lang='lat' dir='ltr'><strong>Phocionis</strong></span> 
     </span>
     <span class='ocr_line' id='line_1_14' title="bbox 279 2004 1436 2089; baseline 0 -18"><span class='ocrx_word' id='word_1_89' title='bbox 279 2006 375 2089; x_wconf 91' lang='lat' dir='ltr'><strong>culpa</strong></span> <span class='ocrx_word' id='word_1_90' title='bbox 391 2006 586 2073; x_wconf 87' lang='lat' dir='ltr'><strong>Nicanorem</strong></span> <span class='ocrx_word' id='word_1_91' title='bbox 612 2006 647 2073; x_wconf 92' lang='lat' dir='ltr'><strong>in</strong></span> <span class='ocrx_word' id='word_1_92' title='bbox 668 2004 777 2079; x_wconf 89' lang='lat' dir='ltr'><strong>Piraei</strong></span> <span class='ocrx_word' id='word_1_93' title='bbox 794 2005 1027 2087; x_wconf 90' lang='lat' dir='ltr'><strong>possessionem</strong></span> <span class='ocrx_word' id='word_1_94' title='bbox 1047 2005 1176 2072; x_wconf 88' lang='lat' dir='ltr'><strong>venisse</strong></span> <span class='ocrx_word' id='word_1_95' title='bbox 1194 2005 1291 2087; x_wconf 91' lang='lat' dir='ltr'><strong>plane</strong></span> <span class='ocrx_word' id='word_1_96' title='bbox 1308 2004 1436 2071; x_wconf 89' lang='lat' dir='ltr'><strong>dicitur.</strong></span> 
     </span>
     <span class='ocr_line' id='line_1_15' title="bbox 277 2099 1436 2195; baseline -0.002 -16"><span class='ocrx_word' id='word_1_97' title='bbox 277 2114 407 2181; x_wconf 86' lang='lat' dir='ltr'><strong>Klotzio</strong></span> <span class='ocrx_word' id='word_1_98' title='bbox 420 2113 655 2195; x_wconf 87' lang='lat' dir='ltr'><strong>quidemetiam</strong></span> <span class='ocrx_word' id='word_1_99' title='bbox 666 2114 726 2179; x_wconf 90' lang='lat' dir='ltr'><strong>hoc</strong></span> <span class='ocrx_word' id='word_1_100' title='bbox 745 2114 817 2179; x_wconf 91' lang='lat' dir='ltr'><strong>loco</strong></span> <span class='ocrx_word' id='word_1_101' title='bbox 830 2112 938 2195; x_wconf 90' lang='lat' dir='ltr'><strong>Nepos</strong></span> <span class='ocrx_word' id='word_1_102' title='bbox 947 2099 1058 2179; x_wconf 90' lang='lat' dir='ltr'><strong>eadem</strong></span> <span class='ocrx_word' id='word_1_103' title='bbox 1068 2132 1204 2182; x_wconf 89' lang='lat' dir='ltr'><strong>narrare</strong></span> <span class='ocrx_word' id='word_1_104' title='bbox 1215 2114 1343 2180; x_wconf 88' lang='lat' dir='ltr'><strong>videtur</strong></span> <span class='ocrx_word' id='word_1_105' title='bbox 1352 2130 1436 2191; x_wconf 86' lang='lat' dir='ltr'><strong>qnae</strong></span> 
     </span>
     <span class='ocr_line' id='line_1_16' title="bbox 277 2218 1435 2306; baseline -0.006 -16"><span class='ocrx_word' id='word_1_106' title='bbox 277 2225 482 2306; x_wconf 88' lang='lat' dir='ltr'><strong>Plutarchus,</strong></span> <span class='ocrx_word' id='word_1_107' title='bbox 511 2223 568 2289; x_wconf 88' lang='lat' dir='ltr'><strong>sed</strong></span> <span class='ocrx_word' id='word_1_108' title='bbox 585 2222 699 2305; x_wconf 90' lang='lat' dir='ltr'><strong>quibus</strong></span> <span class='ocrx_word' id='word_1_109' title='bbox 716 2222 812 2287; x_wconf 89' lang='lat' dir='ltr'><strong>rebus</strong></span> <span class='ocrx_word' id='word_1_110' title='bbox 836 2222 894 2288; x_wconf 91' lang='lat' dir='ltr'><strong>ille</strong></span> <span class='ocrx_word' id='word_1_111' title='bbox 906 2242 927 2287; x_wconf 87' lang='lat' dir='ltr'><strong>a</strong></span> <span class='ocrx_word' id='word_1_112' title='bbox 941 2221 1119 2289; x_wconf 87' lang='lat' dir='ltr'><strong>Plutarcho</strong></span> <span class='ocrx_word' id='word_1_113' title='bbox 1138 2222 1310 2305; x_wconf 89' lang='lat' dir='ltr'><strong>discrepet,</strong></span> <span class='ocrx_word' id='word_1_114' title='bbox 1333 2218 1435 2302; x_wconf 89' lang='lat' dir='ltr'><strong>primo</strong></span> 
     </span>
     <span class='ocr_line' id='line_1_17' title="bbox 270 2328 1434 2414; baseline -0.007 -15"><span class='ocrx_word' id='word_1_115' title='bbox 270 2333 369 2413; x_wconf 71' lang='lat' dir='ltr'><strong>&#39;quasi</strong></span> <span class='ocrx_word' id='word_1_116' title='bbox 384 2334 499 2398; x_wconf 89' lang='lat' dir='ltr'><strong>obtutu</strong></span> <span class='ocrx_word' id='word_1_117' title='bbox 514 2336 662 2414; x_wconf 89' lang='lat' dir='ltr'><strong>apparet.</strong></span> <span class='ocrx_word' id='word_1_118' title='bbox 693 2330 788 2411; x_wconf 85' lang='lat' dir='ltr'><strong>Apud</strong></span> <span class='ocrx_word' id='word_1_119' title='bbox 799 2329 1011 2396; x_wconf 87' lang='lat' dir='ltr'><strong>Plutarchum</strong></span> <span class='ocrx_word' id='word_1_120' title='bbox 1020 2348 1082 2396; x_wconf 87' lang='lat' dir='ltr'><strong>res</strong></span> <span class='ocrx_word' id='word_1_121' title='bbox 1097 2328 1434 2410; x_wconf 78' lang='lat' dir='ltr'><strong>praeoccupationem</strong></span> 
     </span>
     <span class='ocr_line' id='line_1_18' title="bbox 277 2438 1436 2525; baseline -0.005 -18"><span class='ocrx_word' id='word_1_122' title='bbox 277 2442 385 2509; x_wconf 90' lang='lat' dir='ltr'><strong>Piraei</strong></span> <span class='ocrx_word' id='word_1_123' title='bbox 398 2448 655 2525; x_wconf 89' lang='lat' dir='ltr'><strong>praecesserunt,</strong></span> <span class='ocrx_word' id='word_1_124' title='bbox 667 2439 715 2505; x_wconf 88' lang='lat' dir='ltr'><strong>ita</strong></span> <span class='ocrx_word' id='word_1_125' title='bbox 738 2443 924 2521; x_wconf 89' lang='lat' dir='ltr'><strong>narrantur,</strong></span> <span class='ocrx_word' id='word_1_126' title='bbox 938 2443 975 2503; x_wconf 90' lang='lat' dir='ltr'><strong>ut</strong></span> <span class='ocrx_word' id='word_1_127' title='bbox 990 2438 1184 2504; x_wconf 88' lang='lat' dir='ltr'><strong>Nicanorem</strong></span> <span class='ocrx_word' id='word_1_128' title='bbox 1204 2438 1327 2506; x_wconf 86' lang='lat' dir='ltr'><strong>idcirco</strong></span> <span class='ocrx_word' id='word_1_129' title='bbox 1340 2440 1436 2518; x_wconf 91' lang='lat' dir='ltr'><strong>portu</strong></span> 
     </span>
    </p>
   </div>
   <div class='ocr_carea' id='block_1_3' title="bbox 104 2545 1436 2635">
    <p class='ocr_par' dir='ltr' id='par_1_5' title="bbox 104 2545 1436 2635">
     <span class='ocr_line' id='line_1_19' title="bbox 104 2545 1436 2635; baseline -0.011 -12"><span class='ocrx_word' id='word_1_130' title='bbox 104 2546 107 2553; x_wconf 68' lang='grc'><strong>’</strong></span> <span class='ocrx_word' id='word_1_131' title='bbox 182 2630 184 2633; x_wconf 53' lang='grc'><strong>,</strong></span> <span class='ocrx_word' id='word_1_132' title='bbox 230 2594 232 2601; x_wconf 90' lang='grc'>-</span> <span class='ocrx_word' id='word_1_133' title='bbox 276 2554 335 2630; x_wconf 68' lang='lat' dir='ltr'><strong>illo</strong></span> <span class='ocrx_word' id='word_1_134' title='bbox 345 2552 445 2635; x_wconf 88' lang='lat' dir='ltr'><strong>potiri</strong></span> <span class='ocrx_word' id='word_1_135' title='bbox 455 2549 596 2618; x_wconf 87' lang='lat' dir='ltr'><strong>voluisse</strong></span> <span class='ocrx_word' id='word_1_136' title='bbox 605 2546 822 2630; x_wconf 83' lang='lat' dir='ltr'><strong>intelligatur,</strong></span> <span class='ocrx_word' id='word_1_137' title='bbox 835 2565 896 2626; x_wconf 87' lang='lat' dir='ltr'><strong>quo</strong></span> <span class='ocrx_word' id='word_1_138' title='bbox 907 2546 1246 2611; x_wconf 87' lang='lat' dir='ltr'><strong>meliusAthenienses</strong></span> <span class='ocrx_word' id='word_1_139' title='bbox 1254 2545 1297 2610; x_wconf 93' lang='lat' dir='ltr'><strong>ad</strong></span> <span class='ocrx_word' id='word_1_140' title='bbox 1305 2561 1436 2625; x_wconf 86' lang='lat' dir='ltr'><strong>recupe-</strong></span> 
     </span>
    </p>
   </div>
   <div class='ocr_carea' id='block_1_4' title="bbox 217 2650 1450 4253">
    <p class='ocr_par' dir='ltr' id='par_1_6' title="bbox 217 2650 1450 4253">
     <span class='ocr_line' id='line_1_20' title="bbox 279 2650 1438 2733; baseline -0.014 -3"><span class='ocrx_word' id='word_1_141' title='bbox 279 2662 438 2729; x_wconf 90' lang='lat' dir='ltr'><strong>rationem</strong></span> <span class='ocrx_word' id='word_1_142' title='bbox 468 2656 633 2725; x_wconf 87' lang='lat' dir='ltr'><strong>libertatis</strong></span> <span class='ocrx_word' id='word_1_143' title='bbox 664 2654 839 2721; x_wconf 90' lang='lat' dir='ltr'><strong>inclinatos</strong></span> <span class='ocrx_word' id='word_1_144' title='bbox 870 2657 1043 2720; x_wconf 74' lang='lat' dir='ltr'><strong>coerceret.</strong></span> <span class='ocrx_word' id='word_1_145' title='bbox 1087 2652 1170 2719; x_wconf 87' lang='lat' dir='ltr'><strong>Nam</strong></span> <span class='ocrx_word' id='word_1_146' title='bbox 1193 2650 1331 2733; x_wconf 90' lang='lat' dir='ltr'><strong>epistola</strong></span> <span class='ocrx_word' id='word_1_147' title='bbox 1349 2650 1438 2733; x_wconf 85' lang='lat' dir='ltr'><strong>regis</strong></span> 
     </span>
     <span class='ocr_line' id='line_1_21' title="bbox 276 2756 1436 2857; baseline -0.015 -18"><span class='ocrx_word' id='word_1_148' title='bbox 276 2756 423 2857; x_wconf 79' lang='lat' dir='ltr'><strong>cognita,</strong></span> <span class='ocrx_word' id='word_1_149' title='bbox 455 2785 519 2849; x_wconf 86' lang='lat' dir='ltr'><strong>qua</strong></span> <span class='ocrx_word' id='word_1_150' title='bbox 553 2765 622 2832; x_wconf 87' lang='lat' dir='ltr'><strong>fore</strong></span> <span class='ocrx_word' id='word_1_151' title='bbox 653 2769 690 2829; x_wconf 90' lang='lat' dir='ltr'><strong>ut</strong></span> <span class='ocrx_word' id='word_1_152' title='bbox 717 2766 882 2845; x_wconf 88' lang='lat' dir='ltr'><strong>postestas</strong></span> <span class='ocrx_word' id='word_1_153' title='bbox 913 2760 1023 2843; x_wconf 92' lang='lat' dir='ltr'><strong>populi</strong></span> <span class='ocrx_word' id='word_1_154' title='bbox 1051 2759 1169 2841; x_wconf 90' lang='lat' dir='ltr'><strong>ubique</strong></span> <span class='ocrx_word' id='word_1_155' title='bbox 1196 2758 1436 2839; x_wconf 87' lang='lat' dir='ltr'><strong>restitueretur,</strong></span> 
     </span>
     <span class='ocr_line' id='line_1_22' title="bbox 277 2866 1450 2954; baseline -0.016 -7"><span class='ocrx_word' id='word_1_156' title='bbox 277 2879 467 2949; x_wconf 84' lang='lat' dir='ltr'><strong>civitatibus</strong></span> <span class='ocrx_word' id='word_1_157' title='bbox 508 2872 668 2942; x_wconf 82' lang='lat' dir='ltr'><strong>Graeciae</strong></span> <span class='ocrx_word' id='word_1_158' title='bbox 699 2871 887 2954; x_wconf 87' lang='lat' dir='ltr'><strong>promissum</strong></span> <span class='ocrx_word' id='word_1_159' title='bbox 920 2874 1007 2951; x_wconf 85' lang='lat' dir='ltr'><strong>erat,</strong></span> <span class='ocrx_word' id='word_1_160' title='bbox 1040 2886 1177 2953; x_wconf 81' lang='lat' dir='ltr'><strong>magnus</strong></span> <span class='ocrx_word' id='word_1_161' title='bbox 1206 2866 1241 2933; x_wconf 90' lang='lat' dir='ltr'><strong>in</strong></span> <span class='ocrx_word' id='word_1_162' title='bbox 1272 2866 1353 2931; x_wconf 90' lang='lat' dir='ltr'><strong>urbe</strong></span> <span class='ocrx_word' id='word_1_163' title='bbox 1385 2883 1450 2941; x_wconf 44' lang='lat' dir='ltr'><strong>ors</strong></span> 
     </span>
     <span class='ocr_line' id='line_1_23' title="bbox 277 2972 1435 3061; baseline -0.016 -5"><span class='ocrx_word' id='word_1_164' title='bbox 277 2996 331 3058; x_wconf 92' lang='lat' dir='ltr'><strong>tus</strong></span> <span class='ocrx_word' id='word_1_165' title='bbox 362 2991 435 3055; x_wconf 91' lang='lat' dir='ltr'><strong>erat</strong></span> <span class='ocrx_word' id='word_1_166' title='bbox 468 2984 627 3051; x_wconf 85' lang='lat' dir='ltr'><strong>tumultus</strong></span> <span class='ocrx_word' id='word_1_167' title='bbox 660 2986 695 3047; x_wconf 90' lang='lat' dir='ltr'><strong>et</strong></span> <span class='ocrx_word' id='word_1_168' title='bbox 725 2980 881 3061; x_wconf 85' lang='lat' dir='ltr'><strong>Nicanor,</strong></span> <span class='ocrx_word' id='word_1_169' title='bbox 918 2978 972 3059; x_wconf 91' lang='lat' dir='ltr'><strong>qui</strong></span> <span class='ocrx_word' id='word_1_170' title='bbox 1001 2981 1039 3043; x_wconf 91' lang='lat' dir='ltr'><strong>ut</strong></span> <span class='ocrx_word' id='word_1_171' title='bbox 1072 2996 1143 3042; x_wconf 91' lang='lat' dir='ltr'><strong>cum</strong></span> <span class='ocrx_word' id='word_1_172' title='bbox 1180 2972 1435 3040; x_wconf 89' lang='lat' dir='ltr'><strong>Atheniensibus</strong></span> 
     </span>
     <span class='ocr_line' id='line_1_24' title="bbox 276 3080 1433 3181; baseline -0.016 -18"><span class='ocrx_word' id='word_1_173' title='bbox 276 3100 410 3181; x_wconf 84' lang='lat' dir='ltr'><strong>ageret,</strong></span> <span class='ocrx_word' id='word_1_174' title='bbox 452 3094 486 3159; x_wconf 91' lang='lat' dir='ltr'><strong>in</strong></span> <span class='ocrx_word' id='word_1_175' title='bbox 526 3091 707 3158; x_wconf 90' lang='lat' dir='ltr'><strong>contionem</strong></span> <span class='ocrx_word' id='word_1_176' title='bbox 743 3088 778 3153; x_wconf 88' lang='lat' dir='ltr'><strong>in</strong></span> <span class='ocrx_word' id='word_1_177' title='bbox 815 3087 965 3153; x_wconf 82' lang='lat' dir='ltr'><strong>Piraeum</strong></span> <span class='ocrx_word' id='word_1_178' title='bbox 1003 3087 1215 3151; x_wconf 79' lang='lat' dir='ltr'><strong>corruncatam</strong></span> <span class='ocrx_word' id='word_1_179' title='bbox 1251 3080 1433 3180; x_wconf 82' lang='lat' dir='ltr'><strong>prodierat,</strong></span> 
     </span>
     <span class='ocr_line' id='line_1_25' title="bbox 276 3178 1436 3292; baseline -0.016 -22"><span class='ocrx_word' id='word_1_180' title='bbox 276 3204 332 3271; x_wconf 86' lang='lat' dir='ltr'><strong>vix</strong></span> <span class='ocrx_word' id='word_1_181' title='bbox 365 3200 543 3292; x_wconf 23' lang='lat' dir='ltr'><strong>insidiisla</strong></span> <span class='ocrx_word' id='word_1_182' title='bbox 578 3196 733 3279; x_wconf 86' lang='lat' dir='ltr'><strong>Dercyllo</strong></span> <span class='ocrx_word' id='word_1_183' title='bbox 765 3199 916 3277; x_wconf 89' lang='lat' dir='ltr'><strong>praetore</strong></span> <span class='ocrx_word' id='word_1_184' title='bbox 953 3211 1062 3260; x_wconf 88' lang='lat' dir='ltr'><strong>eorum</strong></span> <span class='ocrx_word' id='word_1_185' title='bbox 1100 3187 1268 3257; x_wconf 90' lang='lat' dir='ltr'><strong>collocatis</strong></span> <span class='ocrx_word' id='word_1_186' title='bbox 1301 3205 1337 3253; x_wconf 91' lang='lat' dir='ltr'><strong>se</strong></span> <span class='ocrx_word' id='word_1_187' title='bbox 1374 3178 1436 3264; x_wconf 64' lang='lat' dir='ltr'><strong>eri-J</strong></span> 
     </span>
     <span class='ocr_line' id='line_1_26' title="bbox 277 3294 1433 3396; baseline -0.017 -17"><span class='ocrx_word' id='word_1_188' title='bbox 277 3300 403 3396; x_wconf 88' lang='lat' dir='ltr'><strong>puerat.</strong></span> <span class='ocrx_word' id='word_1_189' title='bbox 443 3309 484 3375; x_wconf 86' lang='lat' dir='ltr'><strong>ci.</strong></span> <span class='ocrx_word' id='word_1_190' title='bbox 523 3307 610 3374; x_wconf 87' lang='lat' dir='ltr'><strong>Plut.</strong></span> <span class='ocrx_word' id='word_1_191' title='bbox 650 3305 747 3373; x_wconf 89' lang='lat' dir='ltr'><strong>Phoc.</strong></span> <span class='ocrx_word' id='word_1_192' title='bbox 785 3323 812 3369; x_wconf 91' lang='lat' dir='ltr'><strong>c.</strong></span> <span class='ocrx_word' id='word_1_193' title='bbox 854 3308 904 3369; x_wconf 77' lang='lat'><strong>32.</strong></span> <span class='ocrx_word' id='word_1_194' title='bbox 968 3302 1075 3367; x_wconf 84' lang='lat' dir='ltr'><strong>Causa</strong></span> <span class='ocrx_word' id='word_1_195' title='bbox 1113 3298 1213 3381; x_wconf 81' lang='lat' dir='ltr'><strong>igitur</strong></span> <span class='ocrx_word' id='word_1_196' title='bbox 1253 3294 1335 3377; x_wconf 87' lang='lat' dir='ltr'><strong>i&#39;uit,</strong></span> <span class='ocrx_word' id='word_1_197' title='bbox 1377 3312 1433 3380; x_wconf 89' lang='lat' dir='ltr'><strong>cor</strong></span> 
     </span>
     <span class='ocr_line' id='line_1_27' title="bbox 279 3404 1435 3487; baseline -0.016 -1"><span class='ocrx_word' id='word_1_198' title='bbox 279 3418 499 3487; x_wconf 90' lang='lat' dir='ltr'><strong>Athenienses</strong></span> <span class='ocrx_word' id='word_1_199' title='bbox 520 3415 713 3482; x_wconf 89' lang='lat' dir='ltr'><strong>Nicanorem</strong></span> <span class='ocrx_word' id='word_1_200' title='bbox 740 3416 933 3479; x_wconf 88' lang='lat' dir='ltr'><strong>metuerent.</strong></span> <span class='ocrx_word' id='word_1_201' title='bbox 978 3410 1105 3475; x_wconf 89' lang='lat' dir='ltr'><strong>Poenas</strong></span> <span class='ocrx_word' id='word_1_202' title='bbox 1131 3404 1215 3470; x_wconf 91' lang='lat' dir='ltr'><strong>enim</strong></span> <span class='ocrx_word' id='word_1_203' title='bbox 1246 3404 1435 3471; x_wconf 88' lang='lat' dir='ltr'><strong>insidiarum</strong></span> 
     </span>
     <span class='ocr_line' id='line_1_28' title="bbox 278 3512 1435 3607; baseline -0.017 -13"><span class='ocrx_word' id='word_1_204' title='bbox 278 3547 350 3594; x_wconf 90' lang='lat' dir='ltr'><strong>eum</strong></span> <span class='ocrx_word' id='word_1_205' title='bbox 374 3545 437 3593; x_wconf 91' lang='lat' dir='ltr'><strong>non</strong></span> <span class='ocrx_word' id='word_1_206' title='bbox 461 3524 680 3607; x_wconf 88' lang='lat' dir='ltr'><strong>expetiturum</strong></span> <span class='ocrx_word' id='word_1_207' title='bbox 715 3540 785 3588; x_wconf 86' lang='lat' dir='ltr'><strong>esse</strong></span> <span class='ocrx_word' id='word_1_208' title='bbox 815 3539 908 3586; x_wconf 91' lang='lat' dir='ltr'><strong>nemo</strong></span> <span class='ocrx_word' id='word_1_209' title='bbox 930 3520 1120 3598; x_wconf 83' lang='lat' dir='ltr'><strong>exspectare</strong></span> <span class='ocrx_word' id='word_1_210' title='bbox 1142 3516 1282 3595; x_wconf 89' lang='lat' dir='ltr'><strong>poterat.</strong></span> <span class='ocrx_word' id='word_1_211' title='bbox 1326 3512 1435 3591; x_wconf 89' lang='lat' dir='ltr'><strong>Nepos</strong></span> 
     </span>
     <span class='ocr_line' id='line_1_29' title="bbox 277 3621 1435 3711; baseline -0.018 -8"><span class='ocrx_word' id='word_1_212' title='bbox 277 3635 356 3703; x_wconf 91' lang='lat' dir='ltr'><strong>nihil</strong></span> <span class='ocrx_word' id='word_1_213' title='bbox 385 3634 425 3701; x_wconf 87' lang='lat' dir='ltr'><strong>de</strong></span> <span class='ocrx_word' id='word_1_214' title='bbox 457 3634 508 3700; x_wconf 88' lang='lat' dir='ltr'><strong>his</strong></span> <span class='ocrx_word' id='word_1_215' title='bbox 538 3634 635 3698; x_wconf 91' lang='lat' dir='ltr'><strong>rebus</strong></span> <span class='ocrx_word' id='word_1_216' title='bbox 671 3633 802 3711; x_wconf 89' lang='lat' dir='ltr'><strong>narrat,</strong></span> <span class='ocrx_word' id='word_1_217' title='bbox 834 3628 891 3694; x_wconf 88' lang='lat' dir='ltr'><strong>sed</strong></span> <span class='ocrx_word' id='word_1_218' title='bbox 929 3623 1121 3690; x_wconf 85' lang='lat' dir='ltr'><strong>Phocionem</strong></span> <span class='ocrx_word' id='word_1_219' title='bbox 1152 3621 1331 3703; x_wconf 84' lang='lat' dir='ltr'><strong>pollicitum</strong></span> <span class='ocrx_word' id='word_1_220' title='bbox 1361 3634 1435 3683; x_wconf 91' lang='lat' dir='ltr'><strong>esse</strong></span> 
     </span>
     <span class='ocr_line' id='line_1_30' title="bbox 278 3724 1431 3818; baseline -0.018 -6"><span class='ocrx_word' id='word_1_221' title='bbox 278 3763 313 3812; x_wconf 87' lang='lat' dir='ltr'><strong>se</strong></span> <span class='ocrx_word' id='word_1_222' title='bbox 335 3742 444 3810; x_wconf 89' lang='lat' dir='ltr'><strong>Piraei</strong></span> <span class='ocrx_word' id='word_1_223' title='bbox 464 3741 606 3808; x_wconf 90' lang='lat' dir='ltr'><strong>obsidem</strong></span> <span class='ocrx_word' id='word_1_224' title='bbox 629 3739 700 3805; x_wconf 86' lang='lat' dir='ltr'><strong>fore</strong></span> <span class='ocrx_word' id='word_1_225' title='bbox 722 3736 825 3803; x_wconf 87' lang='lat' dir='ltr'><strong>tradit</strong></span> <span class='ocrx_word' id='word_1_226' title='bbox 842 3735 951 3801; x_wconf 92' lang='lat' dir='ltr'><strong>ethoc</strong></span> <span class='ocrx_word' id='word_1_227' title='bbox 972 3732 1204 3818; x_wconf 79' lang='lat' dir='ltr'><strong>modo(cap.2,</strong></span> <span class='ocrx_word' id='word_1_228' title='bbox 1227 3729 1291 3816; x_wconf 76' lang='lat'><strong>§5)</strong></span> <span class='ocrx_word' id='word_1_229' title='bbox 1306 3724 1431 3809; x_wconf 84' lang='lat' dir='ltr'><strong>pergit:</strong></span> 
     </span>
     <span class='ocr_line' id='line_1_31' title="bbox 217 3836 1436 3932; baseline -0.018 -12"><span class='ocrx_word' id='word_1_230' title='bbox 217 3904 218 3909; x_wconf 65' lang='lat'><strong>,</strong></span> <span class='ocrx_word' id='word_1_231' title='bbox 277 3853 330 3919; x_wconf 94' lang='lat' dir='ltr'><strong>Ad</strong></span> <span class='ocrx_word' id='word_1_232' title='bbox 360 3869 453 3932; x_wconf 90' lang='lat' dir='ltr'><strong>quem</strong></span> <span class='ocrx_word' id='word_1_233' title='bbox 471 3867 515 3917; x_wconf 91' lang='lat' dir='ltr'><strong>sc.</strong></span> <span class='ocrx_word' id='word_1_234' title='bbox 537 3848 687 3914; x_wconf 88' lang='lat' dir='ltr'><strong>Piraeum</strong></span> <span class='ocrx_word' id='word_1_235' title='bbox 718 3836 970 3925; x_wconf 85' lang='lat' dir='ltr'><strong>&#39;recuperandum</strong></span> <span class='ocrx_word' id='word_1_236' title='bbox 1003 3857 1099 3921; x_wconf 88' lang='lat' dir='ltr'><strong>quum</strong></span> <span class='ocrx_word' id='word_1_237' title='bbox 1131 3838 1268 3921; x_wconf 90' lang='lat' dir='ltr'><strong>populus</strong></span> <span class='ocrx_word' id='word_1_238' title='bbox 1288 3837 1436 3904; x_wconf 87' lang='lat' dir='ltr'><strong>armatus</strong></span> 
     </span>
     <span class='ocr_line' id='line_1_32' title="bbox 276 3934 1433 4041; baseline -0.015 -16"><span class='ocrx_word' id='word_1_239' title='bbox 276 3959 503 4041; x_wconf 88' lang='lat' dir='ltr'><strong>concurrisset,</strong></span> <span class='ocrx_word' id='word_1_240' title='bbox 515 3958 572 4023; x_wconf 91' lang='lat' dir='ltr'><strong>ille</strong></span> <span class='ocrx_word' id='word_1_241' title='bbox 585 3974 629 4022; x_wconf 90' lang='lat' dir='ltr'><strong>sc.</strong></span> <span class='ocrx_word' id='word_1_242' title='bbox 644 3953 838 4021; x_wconf 87' lang='lat' dir='ltr'><strong>Phocionem</strong></span> <span class='ocrx_word' id='word_1_243' title='bbox 858 3951 951 4016; x_wconf 92' lang='lat' dir='ltr'><strong>modo</strong></span> <span class='ocrx_word' id='word_1_244' title='bbox 965 3950 1125 4016; x_wconf 91' lang='lat' dir='ltr'><strong>neminem</strong></span> <span class='ocrx_word' id='word_1_245' title='bbox 1140 3934 1182 4013; x_wconf 91' lang='lat' dir='ltr'><strong>ad</strong></span> <span class='ocrx_word' id='word_1_246' title='bbox 1196 3964 1288 4011; x_wconf 89' lang='lat' dir='ltr'><strong>arma</strong></span> <span class='ocrx_word' id='word_1_247' title='bbox 1302 3941 1433 4011; x_wconf 84' lang='lat' dir='ltr'><strong>vocavit</strong></span> 
     </span>
     <span class='ocr_line' id='line_1_33' title="bbox 276 4047 1433 4145; baseline -0.019 -9"><span class='ocrx_word' id='word_1_248' title='bbox 276 4069 334 4137; x_wconf 89' lang='lat' dir='ltr'><strong>sed</strong></span> <span class='ocrx_word' id='word_1_249' title='bbox 365 4086 412 4135; x_wconf 92' lang='lat' dir='ltr'><strong>ne</strong></span> <span class='ocrx_word' id='word_1_250' title='bbox 434 4066 570 4133; x_wconf 89' lang='lat' dir='ltr'><strong>armatis</strong></span> <span class='ocrx_word' id='word_1_251' title='bbox 598 4063 726 4145; x_wconf 87' lang='lat' dir='ltr'><strong>quidem</strong></span> <span class='ocrx_word' id='word_1_252' title='bbox 754 4078 906 4144; x_wconf 87' lang='lat' dir='ltr'><strong>praeesse</strong></span> <span class='ocrx_word' id='word_1_253' title='bbox 935 4057 1048 4125; x_wconf 91' lang='lat' dir='ltr'><strong>voluit.</strong></span> <span class='ocrx_word' id='word_1_254' title='bbox 1093 4057 1326 4133; x_wconf 87' lang='lat' dir='ltr'><strong>Praeterquam</strong></span> <span class='ocrx_word' id='word_1_255' title='bbox 1350 4047 1433 4131; x_wconf 87' lang='lat' dir='ltr'><strong>quod</strong></span> 
     </span>
     <span class='ocr_line' id='line_1_34' title="bbox 276 4158 1434 4253; baseline -0.019 -9"><span class='ocrx_word' id='word_1_256' title='bbox 276 4176 472 4243; x_wconf 88' lang='lat' dir='ltr'><strong>Plutarchus</strong></span> <span class='ocrx_word' id='word_1_257' title='bbox 501 4172 696 4240; x_wconf 86' lang='lat' dir='ltr'><strong>Phocionem</strong></span> <span class='ocrx_word' id='word_1_258' title='bbox 726 4168 910 4253; x_wconf 91' lang='lat' dir='ltr'><strong>promisisse</strong></span> <span class='ocrx_word' id='word_1_259' title='bbox 939 4184 976 4232; x_wconf 92' lang='lat' dir='ltr'><strong>se</strong></span> <span class='ocrx_word' id='word_1_260' title='bbox 998 4164 1114 4232; x_wconf 87' lang='lat' dir='ltr'><strong>vadem</strong></span> <span class='ocrx_word' id='word_1_261' title='bbox 1142 4180 1199 4242; x_wconf 95' lang='lat' dir='ltr'><strong>pro</strong></span> <span class='ocrx_word' id='word_1_262' title='bbox 1226 4158 1342 4224; x_wconf 89' lang='lat' dir='ltr'><strong>Piraeo</strong></span> <span class='ocrx_word' id='word_1_263' title='bbox 1361 4174 1434 4223; x_wconf 88' lang='lat' dir='ltr'><strong>sese</strong></span> 
     </span>
    </p>
   </div>
   <div class='ocr_carea' id='block_1_5' title="bbox 273 4264 1433 4691">
    <p class='ocr_par' dir='ltr' id='par_1_7' title="bbox 273 4264 1433 4691">
     <span class='ocr_line' id='line_1_35' title="bbox 275 4264 1432 4373; baseline -0.021 -21"><span class='ocrx_word' id='word_1_264' title='bbox 275 4286 426 4353; x_wconf 87' lang='lat' dir='ltr'><strong>daturum</strong></span> <span class='ocrx_word' id='word_1_265' title='bbox 454 4300 525 4349; x_wconf 89' lang='lat' dir='ltr'><strong>esse</strong></span> <span class='ocrx_word' id='word_1_266' title='bbox 547 4299 610 4347; x_wconf 89' lang='lat' dir='ltr'><strong>non</strong></span> <span class='ocrx_word' id='word_1_267' title='bbox 633 4282 870 4373; x_wconf 87' lang='lat' dir='ltr'><strong>commemorat,</strong></span> <span class='ocrx_word' id='word_1_268' title='bbox 896 4275 930 4341; x_wconf 90' lang='lat' dir='ltr'><strong>in</strong></span> <span class='ocrx_word' id='word_1_269' title='bbox 952 4292 992 4339; x_wconf 86' lang='lat' dir='ltr'><strong>ea</strong></span> <span class='ocrx_word' id='word_1_270' title='bbox 1013 4287 1137 4352; x_wconf 89' lang='lat' dir='ltr'><strong>qnoque</strong></span> <span class='ocrx_word' id='word_1_271' title='bbox 1156 4286 1192 4333; x_wconf 92' lang='lat' dir='ltr'><strong>re</strong></span> <span class='ocrx_word' id='word_1_272' title='bbox 1207 4266 1325 4349; x_wconf 90' lang='lat' dir='ltr'><strong>Nepoti</strong></span> <span class='ocrx_word' id='word_1_273' title='bbox 1346 4264 1432 4332; x_wconf 86' lang='lat' dir='ltr'><strong>oblo-</strong></span> 
     </span>
     <span class='ocr_line' id='line_1_36' title="bbox 275 4380 1430 4475; baseline -0.023 -15"><span class='ocrx_word' id='word_1_274' title='bbox 275 4393 399 4475; x_wconf 87' lang='lat' dir='ltr'><strong>quitur,</strong></span> <span class='ocrx_word' id='word_1_275' title='bbox 431 4390 515 4472; x_wconf 85' lang='lat' dir='ltr'><strong>quod</strong></span> <span class='ocrx_word' id='word_1_276' title='bbox 544 4388 711 4469; x_wconf 90' lang='lat' dir='ltr'><strong>nunciato,</strong></span> <span class='ocrx_word' id='word_1_277' title='bbox 744 4386 895 4453; x_wconf 89' lang='lat' dir='ltr'><strong>Piraeum</strong></span> <span class='ocrx_word' id='word_1_278' title='bbox 914 4403 935 4450; x_wconf 89' lang='lat' dir='ltr'><strong>a</strong></span> <span class='ocrx_word' id='word_1_279' title='bbox 955 4382 1117 4448; x_wconf 87' lang='lat' dir='ltr'><strong>Nicanore</strong></span> <span class='ocrx_word' id='word_1_280' title='bbox 1138 4380 1331 4459; x_wconf 86' lang='lat' dir='ltr'><strong>occupatum¹</strong></span> <span class='ocrx_word' id='word_1_281' title='bbox 1350 4387 1430 4455; x_wconf 83' lang='lat' dir='ltr'><strong>esse,</strong></span> 
     </span>
     <span class='ocr_line' id='line_1_37' title="bbox 275 4477 1432 4581; baseline -0.02 -16"><span class='ocrx_word' id='word_1_282' title='bbox 275 4499 468 4567; x_wconf 89' lang='lat' dir='ltr'><strong>Phocionem</strong></span> <span class='ocrx_word' id='word_1_283' title='bbox 485 4498 642 4581; x_wconf 90' lang='lat' dir='ltr'><strong>populum</strong></span> <span class='ocrx_word' id='word_1_284' title='bbox 666 4497 708 4562; x_wconf 89' lang='lat' dir='ltr'><strong>ad</strong></span> <span class='ocrx_word' id='word_1_285' title='bbox 729 4514 819 4562; x_wconf 89' lang='lat' dir='ltr'><strong>arma</strong></span> <span class='ocrx_word' id='word_1_286' title='bbox 841 4510 978 4562; x_wconf 89' lang='lat' dir='ltr'><strong>vocasse</strong></span> <span class='ocrx_word' id='word_1_287' title='bbox 999 4490 1056 4555; x_wconf 90' lang='lat' dir='ltr'><strong>sed</strong></span> <span class='ocrx_word' id='word_1_288' title='bbox 1081 4486 1239 4553; x_wconf 90' lang='lat' dir='ltr'><strong>neminem</strong></span> <span class='ocrx_word' id='word_1_289' title='bbox 1260 4477 1432 4565; x_wconf 87' lang='lat' dir='ltr'><strong>apparuise</strong></span> 
     </span>
     <span class='ocr_line' id='line_1_38' title="bbox 273 4586 1433 4691; baseline -0.02 -16"><span class='ocrx_word' id='word_1_290' title='bbox 273 4601 367 4675; x_wconf 87' lang='lat' dir='ltr'><strong>initio</strong></span> <span class='ocrx_word' id='word_1_291' title='bbox 389 4627 459 4689; x_wconf 86' lang='lat' dir='ltr'><strong>cap.</strong></span> <span class='ocrx_word' id='word_1_292' title='bbox 480 4610 519 4673; x_wconf 85' lang='lat'><strong>33</strong></span> <span class='ocrx_word' id='word_1_293' title='bbox 543 4610 673 4674; x_wconf 80' lang='lat' dir='ltr'><strong>narrat:</strong></span> <span class='ocrx_word' id='word_1_294' title='bbox 693 4604 939 4691; x_wconf 73' lang='lat' dir='ltr'><strong>Hpucropra&#39;aoeo</strong></span> <span class='ocrx_word' id='word_1_295' title='bbox 963 4598 998 4664; x_wconf 75' lang='lat' dir='ltr'><strong>di</strong></span> <span class='ocrx_word' id='word_1_296' title='bbox 1016 4590 1148 4663; x_wconf 72' lang='grc' dir='ltr'><strong><em>τούτων</em></strong></span> <span class='ocrx_word' id='word_1_297' title='bbox 1170 4586 1189 4659; x_wconf 83' lang='grc' dir='ltr'><strong>ὁ</strong></span> <span class='ocrx_word' id='word_1_298' title='bbox 1211 4592 1269 4677; x_wconf 80' lang='grc' dir='ltr'><strong>μὲν</strong></span> <span class='ocrx_word' id='word_1_299' title='bbox 1289 4587 1433 4653; x_wconf 79' lang='grc' dir='ltr'><em>Φωκίων</em></span> 
     </span>
    </p>
   </div>
   <div class='ocr_carea' id='block_1_6' title="bbox 0 0 1622 5067">
    <p class='ocr_par' dir='ltr' id='par_1_8' title="bbox 0 0 1622 5067">
     <span class='ocr_line' id='line_1_39' title="bbox 0 0 1622 5067; baseline 0 1"><span class='ocrx_word' id='word_1_300' title='bbox 0 0 1622 5067; x_wconf 95' lang='lat' dir='ltr'><strong> </strong></span> 
     </span>
    </p>
   </div>
  </div>
 </body>
</html>
