3234 5067
674 510 885 570 ..35-

201 674 393 760 ἐθορυβεῖτο
415 676 467 739 καὶ
487 688 720 760 κατεφρονεῖτο
743 672 822 753 τοὺς
842 672 1034 761 Ἀθηναίους
1054 669 1178 760 ἐξάγειν
1200 667 1354 761 βουλόμε-

202 806 268 866 νος,
291 788 361 849 κτλ.
406 782 604 849 Testimouio
626 783 762 866 Nepotis
774 783 876 867 igitur
894 782 1013 849 Phocio
1035 784 1182 849 consulto
1204 781 1354 849 Piraeum

158 978 161 985 .
201 891 361 975 prodidit,
386 891 559 959 secundum
576 891 800 958 'Plutarchum
839 889 896 957 ille
929 890 1024 958 nimis
1050 890 1177 972 quidem
1202 888 1382 956 Nicanori.

202 999 340 1067 confisus
361 991 426 1082 est,
453 1000 509 1069 sed
535 998 577 1066 ab
607 1018 643 1067 eo
665 1001 821 1083 deceptus
841 1017 972 1082 operam
993 999 1100 1082 dedit,
1121 1002 1165 1065 'ut
1184 1003 1312 1081 portum
1334 1018 1355 1065 a

200 1106 431 1175 Macedonibus
464 1111 655 1189 occupatum
680 1106 714 1173 in
744 1105 977 1189 possessiouem
998 1104 1244 1173 Atheniensium
1271 1103 1354 1171 redi·

201 1220 304 1299 geret.
349 1215 440 1299 Quae
456 1233 528 1282 oum
547 1212 597 1281 ita
614 1215 690 1299 sint,
707 1214 783 1297 quid
804 1215 909 1299 magis
923 1219 1173 1282 consentaneum
1187 1219 1248 1295 est,
1258 1231 1354 1295 quam

126 1356 127 1363 .
203 1325 286 1405 quod
310 1324 416 1407 Nepos
436 1325 470 1390 in
492 1324 558 1390 fine
579 1323 697 1407 capitis
720 1327 740 1391 3
762 1323 890 1407 legibus
904 1324 944 1391 de
959 1322 1122 1391 Phocione
1143 1323 1266 1389 factum
1284 1340 1355 1388 esse

202 1432 351 1500 iudicium
370 1432 505 1499 scribit?
534 1432 616 1499 Nam
640 1432 668 1499 s'i
690 1449 768 1498 vera
788 1435 865 1498 sunt
893 1450 976 1513 quae
999 1431 1106 1515 Nepos
1126 1437 1250 1513 narrat,
1272 1430 1354 1497 Pho-

203 1540 250 1607 cio
269 1541 386 1625 capitis
407 1559 511 1622 poena
532 1540 650 1625 dignus
672 1538 744 1609 fuit.

302 1650 427 1715 Auctor
447 1653 566 1731 autem,
589 1668 682 1730 quem
697 1648 805 1731 Nepos
828 1647 890 1714 sihi
912 1647 1024 1732 elegit,
1037 1663 1101 1713 non
1123 1645 1224 1713 solum
1245 1644 1355 1727 populi

199 1768 336 1823 causam
353 1756 422 1841 egit
452 1756 509 1823 sed
544 1757 644 1824 etiam
674 1757 925 1824 Demosthenem
955 1773 1064 1823 amore
1100 1755 1268 1837 amplexus
1294 1758 1355 1821 est.

199 1865 322 1948 (rapa
354 1868 412 1949 ἓν
437 1865 521 1931 enim
551 1865 621 1931 eius
647 1864 805 1931 beneficia
823 1864 857 1929 in
884 1863 1077 1931 Phocionem
1108 1867 1353 1929 enumerantur-z

198 1974 344 2055 Namque
366 1978 482 2040 auctus
507 1971 701 2053 adiutusque
724 1992 744 2039 a
765 1972 985 2040 Demosthene
1014 1990 1085 2038 eum
1108 1984 1200 2052 quem
1218 1969 1354 2038 tenebat

198 2081 392 2149 ascenderat
423 2081 569 2169 (Phocio)
594 2082 760 2164 {gradum
788 2100 859 2148 oum
891 2082 1047 2149 adversus
1081 2080 1255 2148 Charetem
1281 2096 1353 2147 eum

199 2190 467 2269 subornu1·et;ah
490 2190 601 2255 eodem
622 2190 655 2255 in
684 2188 810 2255 iudiciis
834 2207 905 2255 curn
926 2208 1057 2257 causam
1080 2188 1218 2270 diceret,
1241 2185 1352 2254 defen-

198 2315 251 2365 sus
270 2298 452 2380 aliquoties,
475 2298 632 2365 liberatus
652 2298 857 2364 discesserat.
1089 2355 1092 2362 .

298 2408 329 2472 A
351 2406 512 2473 Phocione
530 2411 640 2473 autem
659 2408 785 2473 animus
806 2406 960 2489 auctoris,
983 2424 1076 2486 quem
1099 2403 1213 2471 habuit
1235 2404 1352 2487 Nepos,

197 2515 322 2583 alienus
339 2514 411 2581 fuit.
455 2515 537 2581 Nam
569 2498 630 2581 hoc
662 2533 701 2582 ex
724 2515 833 2582 verbis
851 2519 1002 2597 apparet,
1032 2513 1147 2594 quihus
1173 2510 1292 2578 Phocio
1318 2511 1351 2577 in

196 2641 266 2704 cap.
289 2626 308 2707 ξ
331 2629 350 2689 2
372 2624 563 2706 obiurgator
584 2624 682 2706 quod,
708 2642 766 2705 pro
788 2623 954 2689 beneficiis
975 2621 1123 2688 merimm
1145 2621 1351 2701 debitamque

195 2730 337 2813 gratiam
365 2730 576 2797 Demostheni
603 2749 666 2797 non
691 2731 819 2797 retulit:
850 2731 984 2814 „Neque
1010 2730 1043 2794 in
1067 2747 1105 2795 eo
1130 2726 1232 2795 solum
1251 2726 1350 2793 offen·

196 2840 306 2921 derat,
334 2840 416 2918 quod
441 2888 625 2909 .......
655 2840 711 2905 sed
751 2840 818 2904 etia
852 2840 935 2919 quod
966 2836 1131 2903 amicitiae
1162 2835 1349 2920 fidemnon
1409 2890 1411 2892 .

196 2944 437 3025 praestiteraef‘
483 2946 569 3029 Quin
590 2946 685 3012 immo
696 2945 889 3012 Phocionem
906 2946 986 3011 adeo
999 2943 1225 3011 beneficiorum
1241 2941 1350 3008 imme·

99 3040 101 3045 ’
196 3070 315 3119 rnorem
345 3052 444 3120 iuuisse
470 3055 503 3120 iu
527 3058 546 3139 ,ξ
569 3059 587 3119 3
610 3052 717 3136 Nepos
739 3053 864 3137 pergit,
895 3059 932 3119 ut
960 3052 1210 3119 Demosthenem
1237 3050 1349 3140 prode-

195 3163 267 3245 ret:
288 3158 697 3249 „Hunc(Demosthenem)
717 3180 780 3228 non
800 3164 902 3228 solum
925 3162 958 3228 in
981 3159 1133 3243 periculis
1154 3177 1218 3225 non
1239 3157 1348 3225 dasena

194 3269 243 3337 dit
261 3268 435 3335 sedetiam
458 3270 631 3351 prodidit.“
679 3302 684 3311 ·
1376 3262 1378 3266 ’

296 3377 381 3460 Quid
402 3377 547 3460 pluribus
568 3395 647 3460 opus
670 3378 744 3443 est?
774 3378 864 3443 Luce
883 3378 1016 3460 clarius,
1037 3376 1194 3458 Nepotem
1215 3393 1345 3457 prorsus

192 3485 258 3553 alio
280 3502 320 3549 ex
342 3484 434 3550 fonte
456 3486 601 3552 hausisse
623 3494 723 3567 atque
745 3486 966 3553 Plutarchum.

294 3589 364 3656 Iam
387 3593 567 3676 quaeritur,
598 3594 683 3661 nunde
712 3593 820 3676 Nepos
847 3593 1003 3659 hauserit.
1047 3592 1150 3659 Stetit
1180 3590 1282 3675 igitur
1310 3595 1347 3657 ut

193 3714 233 3763 ea
253 3715 336 3778 quae
352 3698 566 3782 exposuimus,
589 3704 700 3782 paucis
715 3705 910 3785 repetamus,
931 3706 1046 3767 auctor
1067 3700 1136 3766 eius
1158 3718 1222 3766 uon
1245 3699 1346 3766 solum

192 3823 330 3873 accusa
352 3807 461 3888 populi
482 3812 517 3873 et
546 3808 587 3873 ah
609 3810 805 3877 adversariis
825 3808 997 3875 Phocionis
1025 3808 1083 3874 sed
1112 3807 1211 3874 etiam
1233 3806 1346 3874 laudes

191 3918 291 3996 atque
313 3913 454 3981 virtutes
479 3914 707 3983 Demosthenis
728 3918 822 3999 quasi
844 3917 972 3983 cecinit.
1274 3926 1278 3932 '

294 4023 421 4091 Deinde
448 4040 521 4089 eum
552 4023 720 4091 historiam
740 4044 845 4092 rerum
877 4026 936 4091 illa
956 4028 1069 4091 aetate
1094 4027 1260 4107 gestarum
1283 4042 1346 4091 non

193 4133 258 4194 tarn
281 4130 435 4198 historico
457 4148 552 4212 quam
568 4132 728 4199 rhetorico
741 4152 862 4218 genere
879 4133 1115 4217 perscripsisse,
1138 4131 1265 4198 misella
1283 4131 1345 4198 Nc-

191 4236 277 4319 potis
305 4238 375 4305 vita
396 4246 467 4323 ipsa
497 4240 602 4306 docet.
646 4239 843 4308 Praesertim
872 4242 905 4308 in
928 4260 999 4324 cap.
1026 4242 1061 4307 ΙΙ
1084 4260 1123 4309 ea
1151 4242 1257 4325 figura
1275 4259 1346 4307 ora·

191 4343 277 4448 toria
307 4344 414 4428 Nepos
440 4348 568 4432 saepius
596 4347 715 4431 utitur,
746 4368 842 4430 quam
868 4351 1123 4433 contrapositum
1149 4349 1203 4418 vel
1228 4368 1346 4435 graece

191 4446 365 4519 ἀντίθετον
388 4459 516 4522 uocant.
540 4457 581 4523 ci.
603 4475 642 4538 qe
665 4458 726 4523 hac
740 4475 775 4523 re
800 4458 980 4525 Volkmann
1000 4459 1033 4524 in
1055 4458 1154 4526 libro:
1178 4457 1241 4525 Die
1260 4458 1345 4525 Rhe·

190 4560 277 4625 ton'k
308 4560 365 4629 der
388 4558 549 4632 Griecheu
579 4566 643 4633 tund
666 4566 798 4651 Rdner,
829 4585 882 4653 pg.
905 4572 968 4634 412
991 4586 1037 4651 sq.
1063 4566 1214 4653 Exempli
1235 4567 1345 4656 gratia
