3234 5067
328 1428 387 1539 De
407 1465 553 1531 fontibus
580 1484 660 1546 quos
685 1464 882 1560 Plutarchus
904 1467 939 1564 et
960 1464 1069 1547 Nepos
1090 1465 1123 1531 in
1155 1465 1225 1531 rita
1250 1462 1382 1530 Phocio-

223 1566 273 1633 nis
298 1566 402 1633 secuti
422 1584 493 1633 esse
509 1568 700 1635 uideantur.
1006 1575 1009 1582 '

273 1668 276 1673 ’
326 1675 529 1757 Quamquam
558 1676 742 1759 nuperrime
768 1676 895 1741 demum
922 1675 963 1741 de
987 1674 1132 1741 fontibus
1154 1673 1324 1740 Plutarchi
1349 1680 1384 1741 et

222 1782 358 1863 Nepotis
374 1782 407 1849 in
430 1783 502 1850 vita
524 1784 696 1850 Phocionis
722 1782 872 1849 Klotzius
882 1784 907 1869 1)
937 1782 1077 1865 scripsit,
1100 1788 1211 1848 tamen
1233 1782 1276 1849 ad
1299 1784 1383 1848 hanc

223 1892 446 1971 quaestionem
461 1910 552 1958 sane
582 1891 811 1974 perdifficilem
840 1908 880 1957 ac
909 1891 980 1956 fere
1002 1891 1209 1972 desperatam
1235 1891 1384 1973 aggressi

221 2016 346 2083 sumuS,
376 2002 460 2081 quod
488 2000 685 2070 sententiam
710 1999 798 2066 illius
837 1999 899 2066 viri
937 1998 1115 2065 doctissimi
1152 1998 1290 2080 probare
1320 2018 1383 2065 non

220 2122 398 2191 possumus:
681 2114 683 2119 '
1054 2132 1056 2136 ’

323 2219 363 2284 A.
407 2215 459 2282 De
481 2216 652 2282 Plutarchi
674 2215 745 2283 vita
769 2214 952 2281 Phocionis
1055 2250 1057 2253 >

323 2325 516 2406 Priusquam
539 2324 580 2391 ad
615 2342 671 2389 eas
705 2328 818 2405 partes
843 2340 924 2403 quas
949 2321 1148 2404 suscepimus
1177 2322 1266 2404 ipsas
1292 2338 1384 2387 acce·
1476 2358 1480 2368 ·

221 2434 347 2515 damus,
367 2434 461 2515 plura
494 2433 586 2498 nobis
613 2436 693 2497 ante
720 2431 913 2513 explicanda
941 2434 1027 2496 sunt.
1071 2433 1120 2495 Ac
1150 2430 1287 2512 primum
1316 2429 1383 2509 qui-

221 2542 293 2607 dem
315 2542 355 2609 de
377 2540 607 2623 compositione
633 2540 724 2607 uitae
746 2536 967 2608 Plutarch'eae
984 2556 1089 2621 pauca
1109 2538 1261 2605 dicemus.
1346 2569 1351 2580 ι

325 2649 501 2731 Postquam
521 2649 556 2716 in
578 2648 685 2715 tribus
716 2643 878 2731 capitibus
904 2647 1016 2729 primis
1037 2647 1079 2712 de
1102 2646 1264 2713 Phocione
1287 2650 1321 2710 et
1343 2646 1383 2711 de

223 2758 347 2824 Catone
374 2776 510 2839 quocum
547 2758 637 2824 illum
670 2775 859 2839 comparare
888 2756 950 2822 sibi
979 2758 1160 2839 proposuit,
1187 2755 1386 2821 Plutarchus

222 2884 326 2948 pauca
342 2866 525 2951 generatim
534 2866 705 2948 praefatus
717 2870 780 2947 est,
794 2864 889 2931 initio
903 2865 1022 2947 capitis
1034 2865 1082 2930 IV
1099 2866 1139 2931 de
1156 2864 1280 2947 origine
1303 2864 1384 2932 Pho·

222 2975 323 3041 cionis
341 2993 476 3041 narrare
491 2973 606 3055 incipit
622 2978 814 3063 patremque
832 2973 903 3039 eius
917 2973 1059 3055 pistillos
1076 2972 1255 3039 fabricasse
1272 2977 1384 3055 negat.

224 3084 294 3165 Quo
317 3083 407 3150 facto
430 3082 545 3163 quibus
567 3082 832 3165 praeceptoribus
849 3082 914 3148 'ille
937 3099 1014 3147 usus
1039 3082 1083 3146 sit
1105 3086 1334 3147 commemorat
1351 3085 1386 3146 et

222 3210 327 3259 mores
357 3191 578 3272 uestitumque
609 3190 679 3257 eius
697 3189 862 3256 describit.
909 3186 947 3255 In
979 3189 1088 3271 capite
1113 3191 1203 3255 Vde
1231 3190 1326 3256 vultu
1350 3193 1385 3254 et

223 3300 410 3382 eloquentia
439 3298 612 3381 Phocionis
635 3296 719 3363 dicit
740 3304 840 3378 atque
863 3303 900 3364 ut
923 3302 1046 3379 quanta
1079 3298 1113 3363 in
1135 3317 1172 3363 eo
1196 3296 1298 3364 fuerit
1315 3316 1385 3363 ora·

222 3410 270 3476 tio
310 3407 536 3492 intelligatur,
577 3406 697 3473 iudicia
727 3406 862 3472 duorum
893 3404 1035 3472 eiusdem
1064 3407 1188 3472 aetatis
1212 3405 1384 3487 hominum,

222 3516 395 3601 Polyeucti
416 3514 560 3599 Sphettii
582 3518 617 3581 et
634 3514 875 3598 Demosthenis,
897 3515 937 3581 de
960 3533 1000 3581 ea
1015 3513 1123 3581 affert.
1145 3514 1244 3581 Initio
1267 3514 1386 3596 capitis

223 3626 271 3692 VI
293 3626 333 3692 de
362 3629 481 3691 natura
513 3622 674 3690 Chabriae
701 3621 845 3703 loquitur
868 3626 902 3688 et
922 3623 980 3690 sub
1002 3622 1136 3704 imperio
1161 3623 1230 3688 eius
1251 3622 1384 3689 Phocio-

223 3754 295 3801 nem
311 3734 528 3800 rudimentum
550 3732 692 3798 militare
717 3733 862 3813 posuisse
883 3737 983 3812 atque
1005 3731 1038 3796 in
1061 3750 1171 3815 pugna
1193 3732 1236 3797 ad
1256 3731 1384 3797 Naxum

223 3842 393 3908 commissa
425 3839 564 3907 nauibus
596 3839 835 3906 Atheniensum
863 3839 897 3904 iu
930 3838 1063 3905 sinistro
1087 3858 1186 3905 corna
1216 3840 1385 3906 collocatis

222 3948 403 4033 praefuisse
431 3947 544 4015 tradit.
590 3948 629 4013 In
660 3948 768 4031 capite
790 3948 856 4013 VH
887 3947 1083 4028 simulatque
1104 3967 1177 4013 eum
1199 3967 1220 4014 a
1241 3948 1383 4017 Chabria

223 4058 402 4143 vectigalia
424 4057 466 4123 ab
482 4055 729 4151 Atheniensium
753 4056 850 4123 sociis
866 4056 1027 4140 exigenda
1047 4074 1119 4122 cum
1136 4057 1242 4124 classe
1254 4058 1385 4124 missum

228 4184 300 4233 esse
323 4164 483 4247 narravit,
508 4165 549 4229 ad
572 4164 833 4232 familiaritatem
855 4165 924 4230 eius
945 4183 1016 4231 cum
1039 4164 1095 4230 illo
1119 4165 1314 4245 imperatore
1336 4185 1385 4232 re·

224 4276 284 4357 dit,
308 4275 348 4340 de
363 4291 427 4353 qua
447 4273 613 4355 superiore
634 4274 743 4356 capite
765 4274 830 4339 iam
859 4272 980 4339 dixisse
1002 4273 1213 4339 Plutarchum
1235 4272 1384 4357 uidimus
1478 4260 1479 4264 '

223 4390 259 4449 et
281 4388 319 4449 ut
348 4382 542 4449 Phocionem
572 4400 629 4464 pro
661 4382 828 4448 beneficiis
853 4381 996 4465 gratiam
1011 4381 1041 4447 ei
1060 4381 1185 4447 referre
1215 4399 1279 4448 non
1308 4384 1384 4447 omi·

481 4528 535 4537 .—

328 4578 348 4646 ¹)
368 4575 454 4629 Ueber
477 4576 518 4629 die
538 4576 648 4641 Quellen
661 4575 876 4631 zurGeschichte
894 4576 1028 4630 Phohions
1045 4576 1073 4627 in
1092 4573 1232 4640 Diodorus,
1251 4575 1383 4639 dniauos,

226 4666 314 4736 Nepos
329 4668 383 4721 und
400 4666 566 4721 Plutarchos.
602 4666 777 4732 lusura-Dies
798 4668 908 4737 Leipzig
927 4668 1000 4720 taut.
1036 4665 1138 4725 Walter
1156 4665 1245 4718 Klotz.
1264 4690 1266 4694 ·

687 4812 905 4914 aeaaoe
1177 4768 1208 4820 ¹*
