3234 5067
652 528 913 597 ‚—2e-

235 684 316 774 ὑπὲρ
337 695 398 755 τοῦ
420 692 601 769 Φωκίωνος
639 690 840 777 ἐπεχείρησεν
862 693 974 775 εἰπεῖν,
994 690 1094 771 αάτός
1114 696 1149 760 δὲ
1166 699 1315 779 χαλεπῶς
1335 696 1387 759 καί

235 791 328 883 μόλις
357 798 570 879 ἐξακουσθείς,
588 794 780 884 ,,Πότερον“
807 797 897 868 εἶπεν
926 798 1071 885 ,ἀδίκως
1095 797 1117 890 ἢ
1145 804 1281 881 δικαίως
1307 798 1387 868 ἀπο·

233 918 342 995 κρῖναι
363 900 522 986 βούλεσθε
543 900 661 995 ίγμᾶςίῆ
683 913 753 975 κτλ.

336 1014 498 1086 Diodorus
526 1020 636 1083 autern
665 1016 716 1083 his
738 1002 848 1084 verbis
876 1016 981 1084 utitur
1007 1022 1079 1100 (18.
1107 1024 1160 1085 66.
1188 1018 1248 1105 6.);
1278 1011 1326 1094 ὡς
1352 1016 1388 1081 δὲ
1470 1055 1473 1058 -

234 1136 302 1203 τοῖς
323 1118 600 1210 ἀπολογουμένοις
621 1117 640 1191 ὁ
662 1122 777 1210 καιρός
796 1119 969 1212 παρεδόθη
989 1128 1047 1212 τῆς
1065 1121 1256 1213 ἀπολογίας,
1284 1125 1304 1191 δ
1329 1125 1389 1209 μὲν

235 1232 377 1297 Φωκίων
399 1226 521 1318 ἤρξατο
535 1238 703 1299 ποιεῖσθαι
723 1229 785 1299 τὸν
801 1224 886 1318 ὑπὲρ
908 1229 1028 1299 ἑαυτοῦ
1049 1227 1165 1319 λόγονι,
1183 1230 1223 1300 τὸ
1253 1233 1289 1299 δὲ
1309 1234 1387 1319 πλη

234 1346 296 1419 θος
314 1350 384 1418 τοῖς
403 1333 560 1425 θορύβοις
579 1338 715 1421 ἐξέσεισε
734 1338 794 1427 τὴν
816 1335 1004 1427 ἀπολογίαν,
1020 1334 1105 1407 ῶστε
1121 1340 1166 1419 εἰς
1178 1336 1305 1427 πολλὴν
1320 1345 1389 1407 κτλ

337 1469 525 1552 Quicunque
551 1470 738 1553 incorrupte
768 1470 961 1554 integreque
990 1470 1129 1553 iudicat,
1164 1469 1194 1536 is
1223 1469 1388 1536 Klotziurn
1461 1453 1465 1459 ’

234 1580 399 1657 nmquam
415 1577 537 1645 lineam
557 1578 762 1645 transiluisse
790 1577 981 1661 longiusque
1002 1578 1199 1661 processisse
1221 1577 1388 1643 concedet.

233 1684 346 1770 Longe
372 1685 458 1752 eninr
490 1687 594 1754 mInor
623 1691 675 1753 est
709 1688 770 1753 hoc
801 1686 871 1753 loeo
902 1686 1072 1754 verborum
1098 1685 1275 1760 similitudo
1302 1685 1389 1751 inter

234 1792 445 1859 Plutarchum
468 1800 502 1859 et
519 1793 696 1861 Diodorum
719 1813 814 1875 quern
832 1795 966 1876 reliquis
987 1794 1077 1878 locis,
1095 1812 1175 1875 quos
1193 1811 1292 1875 supra
1311 1810 1387 1858 enu-

235 1901 446 1985 meravimuS,
477 1920 582 1985 neque
608 1904 782 1983 quidquam
821 1902 911 1970 aliud
942 1921 983 1969 ex
1004 1900 1245 1984 comparatione
1276 1902 1389 1967 horum

145 2082 148 2087 r
234 2010 375 2075 locorum
399 2008 551 2093 efficitur,
572 2010 634 2077 nisi
656 2015 823 2078 auctorem
844 2027 938 2091 quern
958 2009 1156 2077 Plutarchus
1174 2013 1306 2075 secutus
1326 2012 1387 2090 est,

236 2116 436 2183 incautione
455 2116 514 2183 illa
525 2118 714 2185 turbulenta
725 2118 1195 2209 describendeaveritatenon
1206 2114 1387 2183 uellexIsse.
1437 2203 1440 2206 Ι

336 2245 448 2327 Neque
465 2247 564 2314 aliter
583 2248 762 2315 iudicamus
783 2250 825 2315 de
844 2247 925 2314 locis
946 2247 1001 2329 qui
1020 2251 1212 2329 sequuntur:

334 2354 421 2421 Plut.
444 2373 515 2437 cap.
538 2359 581 2421 34
601 2359 683 2422 extr.

334 2456 417 2528 Ἐπεὶ
440 2462 475 2529 δὲ
497 2457 596 2531 οὐδὲν
617 2466 743 2549 μᾶλλον
763 2450 892 2550 ἤκουον’
904 2463 1067 2549 ἐγγυτέρω
1083 2454 1283 2547 προσελθῶν
1302 2455 1387 2545 ,ἐγώ

231 2569 313 2655 μὲν“
333 2564 422 2635 εἶπεν
444 2564 590 2654 ,ἀδικεῖν
614 2568 765 2657 ὁμολογῶ
786 2573 840 2637 καὶ
860 2566 1012 2638 θανάτων
1033 2574 1177 2658 τιμῶμαι
1196 2566 1238 2636 τίι
1253 2572 1386 2634 πεπολι-
1454 2618 1457 2624 .

232 2677 369 2761 τευμένα
391 2676 537 2765 ἐμαυτῷ,
560 2674 702 2758 τούτους
723 2681 773 2758 δέ,
796 2675 912 2766 ἄνδρες
932 2677 1098 2766 Ἀθηναῖοι
1103 2733 1112 2765 ,
1133 2674 1187 2745 διὰ
1203 2678 1235 2743 τί
1250 2671 1386 2744 ἀποκτε-

232 2796 315 2850 νεῖτε
332 2786 433 2871 μηδὲν
455 2781 668 2869 ἀδικοῦντας;

337 2913 416 2980 Cum
439 2914 490 2982 his
511 2933 551 2983 ee
571 2917 673 2984 verba
694 2918 911 3002 comparanda
928 2924 1006 2986 sunt
1024 2937 1108 3001 quee
1117 2918 1203 3001 apud
1211 2916 1386 2984 Diodorum

232 3020 314 3088 libro
333 3020 450 3089 XVIII
473 3030 565 3108 tm
586 3024 814 3108 inveniuntur3
1004 3030 1008 3035 ’

336 3131 431 3210 τέλος
457 3133 492 3198 δὲ
528 3128 695 3219 ἀπογνοὺς
726 3130 785 3220 τὴν
815 3135 979 3222 σωτηρίαν
1006 3128 1026 3200 ὁ
1056 3134 1189 3200 Φοκίων
1224 3126 1385 3218 ἀνεβόησε,

232 3232 385 3325 δεόμενος
406 3240 510 3307 αὐτοῦ
522 3242 581 3329 μὲν
602 3243 895 3335 καταψηφίσασθαι
908 3240 969 3310 τὸν
987 3235 1146 3323 θάνατον,
1155 3242 1226 3310 τῶν
1244 3232 1386 3305 δ’ἀλλων

230 3346 404 3429 φείδεσδαι.

332 3467 420 3534 Plut.
443 3487 514 3550 cop.
536 3474 576 3535 35
598 3472 696 3537 extu:

332 3569 617 3662 Ἐπικαρωθέντος
640 3578 675 3643 δὲ
697 3582 758 3644 τοῦ
787 3580 994 3665 ψηφίσματος
1022 3577 1076 3643 καὶ
1103 3578 1160 3663 τῆς
1187 3576 1386 3661 χειροτονίας

231 3677 458 3769 ἀποδοθείσης,
488 3680 593 3763 ου’δεὶς
614 3679 798 3776 καθήμενος
824 3679 908 3750 ἀλλὰ
933 3677 1054 3759 πάντες
1079 3677 1327 3766 ἐξαναστάντες,
1356 3681 1386 3769 σί

232 3791 267 3855 δὲ
298 3794 444 3857 πλεῖστοι
474 3792 528 3857 καί
558 3785 846 3878 στεφανωσάμενοι
877 3816 1044 3881 κατεχειρο
1073 3786 1216 3879 τόνησαν
1247 3787 1311 3857 αδτ
1335 3792 1384 3857 ῶν

233 3892 393 3966 θάνατον.
1254 3895 1260 3903 ’

334 4019 429 4087 Diod.
451 4037 521 4101 nep.
543 4025 594 4086 67.
618 4024 646 4089 3.

331 4125 379 4209 ,Τὸ
402 4126 568 4213 δ’ἔσχατον
588 4121 749 4215 πανδήμῳ
772 4132 868 4213 φωνῇ
891 4128 1259 4215 καταχειροτονηθέντες
1279 4128 1324 4206 είς
1345 4125 1384 4194 τὸ

232 4232 444 4325 δειμωτήριον
461 4230 580 4323 ἤγοντο
599 4233 659 4324 τὴν
680 4236 733 4304 ἐπὶ
751 4229 900 4323 θανάτῳ.

334 4361 422 4428 Plut.
445 4380 514 4445 cap.
538 4366 577 4429 36
599 4361 703 4430 initio.

329 4466 384 4548 Ὡς
401 4458 463 4536 οὖν
473 4465 685 4550 διαλύσαντες
705 4466 765 4557 τὴν
787 4469 958 4557 ἐκκλησίαν
969 4458 1048 4556 ἦγον
1057 4468 1102 4547 είς
1110 4465 1149 4534 τὸ
1163 4462 1383 4555 δεσμωτήριον

234 4573 311 4660 τοὺς
331 4572 454 4665 ἄνδρας
474 4576 505 4645 οἱ
525 4579 583 4664 μὲν
605 4572 708 4663 ἄλλοι,
729 4579 1017 4667 περιπλεκομένων
1047 4580 1117 4644 τῶν
1139 4578 1246 4662 φίλων
1272 4571 1383 4662 αὐτοῖς
