3234 5067
664 486 928 561 ¹—22-

248 657 375 740 incipit:
414 664 534 726 Τοῦτον
565 658 640 727 οὔτε
669 658 773 731 τᾶλλα
799 665 980 731 σπουδαῖον
1007 661 1112 751 ἄνδρα
1139 667 1291 752 γενέσθαι
1312 667 1400 750 φασί,

248 770 300 833 καὶ
328 768 499 856 παιδίσκης
519 774 588 836 κτλ.
607 775 697 855 (cap,
713 775 776 855 88).
822 772 913 840 Idem
942 773 1010 841 lere
1035 773 1187 841 iudicium
1211 791 1309 857 supra
1336 774 1400 840 iam

248 893 318 957 cap.
341 882 381 945 20
413 877 453 943 de
482 876 589 944 Phoco
620 879 738 946 fertur:
776 876 917 966 καὶγὰρ
947 870 988 968 ἦν
1015 874 1123 961 ἄλλως
1141 876 1325 970 φιλοπότης
1347 884 1400 949 καὶ

248 977 388 1063 ἄτακτος
414 984 433 1050 ὁ
458 986 633 1065 νεανίσκος.
691 986 800 1069 Quare
828 988 943 1055 mirum
969 993 1021 1056 001
1045 989 1129 1071 quod
1149 988 1400 1057 Ρ101010111011

250 1111 321 1174 cap.
344 1097 385 1159 38
407 1092 465 1160 illa
487 1110 569 1174 quae
591 1094 793 1165 laudavimus
815 1097 916 1165 rerba
938 1098 1066 1182 scribit,
1090 1106 1255 1179 tamquam
1276 1098 1305 1165 01
1326 1097 1402 1166 nori

250 1200 326 1284 quid
348 1201 389 1268 de
411 1201 518 1268 Phoco
537 1202 664 1270 afferat.
709 1203 762 1270 Ex
784 1223 846 1286 qno
867 1205 1047 1290 colligitur,
1075 1225 1147 1273 eum
1174 1225 1246 1274 cum
1266 1206 1349 1283 illud
1368 1209 1402 1274 in

250 1328 320 1394 cap.
342 1314 383 1377 38
403 1309 555 1377 iudicium
576 1310 760 1395 scriberet,
778 1312 844 1379 iam
873 1314 1008 1381 oblitum
1032 1315 1210 1397 essequod
1235 1333 1334 1398 supra
1361 1315 1402 1383 de

253 1418 361 1486 Phoco
379 1417 545 1487 iudicavit.
590 1419 661 1487 Hoc
685 1425 793 1488 autem
822 1422 893 1488 lieri
913 1422 1033 1507 potuit,
1064 1423 1091 1490 si
1118 1423 1153 1490 iu
1178 1442 1249 1506 cap.
1271 1428 1311 1490 38
1334 1422 1399 1492 alio

250 1528 342 1595 fonte
362 1527 472 1594 hausit
493 1533 591 1610 atque
612 1528 647 1595 in
665 1547 735 1613 cap.
759 1536 810 1598 20.

353 1635 392 1701 In
415 1654 485 1718 cap.
504 1643 546 1703 38
568 1636 689 1719 aliquid
712 1638 781 1704 tale
800 1641 963 1722 narratur,
986 1638 1083 1720 quale
1098 1638 1184 1721 apud
1196 1638 1403 1707 idomeneum

250 1743 395 1812 invenire
417 1744 648 1812 consuevimus.
692 1744 776 1813 Nam
798 1746 911 1813 eadem
934 1745 1083 1814 labecula
1099 1746 1145 1813 ibi
1165 1746 1272 1813 Phoco
1294 1764 1403 1829 asper·

252 1852 353 1935 gitur,
374 1870 469 1935 quam
485 1858 523 1919 ut
540 1870 638 1936 supra
658 1854 958 1937 demonstravimus,
981 1854 1057 1921 aliis
1071 1871 1196 1935 quoque
1214 1854 1404 1922 Idomeneus

251 1978 425 2044 aspergere
452 1961 545 2027 00101.
590 1961 699 2045 Quare
727 1962 818 2029 illem
842 1962 1062 2030 narrationem
1084 1962 1118 2028 in
1137 1981 1208 2045 cap.
1233 1967 1273 2029 38
1295 1962 1404 2029 01-111-

252 2067 412 2135 huardum
434 2084 506 2135 esse
525 2086 701 2135 censemus.

353 2174 448 2241 Alius
476 2174 578 2258 igitur
608 2176 681 2242 fons
713 2176 748 2242 in
780 2195 850 2259 cap.
877 2183 918 2245 20
945 2176 1148 2257 quaerendus
1176 2179 1237 2241 est.
1278 2173 1406 2240 Phocus

253 2284 501 2375 quidemetiam
528 2286 588 2351 hoc
616 2285 687 2352 loeo
707 2284 928 2369 vituperatur,
960 2285 1079 2352 Phocio
1107 2288 1216 2351 autem
1244 2283 1404 2351 laudatur.

253 2393 382 2460 Kraner
398 2394 432 2459 in
450 2394 688 2461 commentariis
702 2393 744 2460 a'd
758 2394 819 2460 hoo
829 2398 928 2476 caput
944 2398 979 2460 et
990 2393 1154 2477 Klotrpg.
1166 2397 1208 2459 47
1220 2410 1260 2458 ea
1272 2391 1406 2473 quaeda

253 2502 319 2569 fiho
340 2502 511 2570 Phocionis
527 2502 584 2569 illo
600 2520 677 2585 cap,
702 2506 878 2569 narrantur
899 2520 940 2569 er
962 2502 1110 2586 Diogene
1132 2499 1312 2585 Babylonio
1331 2518 1405 2583 cog·

253 2611 380 2679 nomine
402 2610 511 2677 Stoico
529 2611 739 2677 Plutarchum
760 2610 968 2692 descripsisse
988 2614 1117 2692 putant.
1152 2609 1275 2675 Contra
1296 2612 1405 2675 autem
1442 2622 1446 2627 ’

254 2720 336 2786 haec
357 2719 540 2801 loquuntur.
583 2706 725 2785 Primum
744 2719 843 2786 semel
866 2719 961 2803 (Dato
983 2738 1010 2786 0.
1034 2722 1089 2802 22)
1113 2735 1229 2783 nomeu
1250 2715 1407 2800 Diogenis

243 2826 358 2927 'Stoici
388 2826 474 2909 apud
496 2826 705 2894 Plutarchum
734 2827 767 2893 in
789 2826 868 2895 11110
893 2826 1047 2911 occurrit,
1078 2826 1154 2894 libri
1181 2826 1251 2894 eius
1279 2824 1406 2891 omuino
1504 2913 1507 2919 Ι

256 2953 421 3019 nusquam.
482 2934 694 3017 Quamobrem
733 2934 789 3002 ille
829 2935 908 3001 mihi
943 2935 1045 3003 libros
1082 2936 1239 3021 Diogenis
1277 2952 1408 3017 prorsus

255 3045 438 3128 neglexisse
471 3044 610 3110 videtur.
667 3042 793 3110 Deinde
833 3043 971 3126 amplius
1006 3047 1135 3112 centum
1172 3042 1409 3127 quinquaginta

254 3152 348 3237 anuis
369 3156 443 3234 post
459 3152 631 3219 Phocionis
651 3151 820 3219 interitum
832 3151 961 3220 Stoicus
981 3152 1039 3219 ille
1060 3151 1179 3218 floruit.
1217 3151 1300 3217 Nam
1321 3168 1406 3216 anno

257 3260 387 3345 circiter
418 3280 439 3327 a
461 3260 536 3327 Chr.
558 3279 590 3327 n.
615 3264 675 3326 155
709 3278 773 3326 una
806 3278 879 3326 oum
898 3260 1075 3328 ,Carneade
1105 3258 1245 3325 Athenis
1272 3258 1407 3324 Romam

256 3367 421 3453 migravit,
442 3368 481 3434 cl.
503 3368 590 3434 Plut.
614 3367 696 3436 Cato
719 3387 789 3450 cap.
811 3374 852 3436 22
873 3367 975 3435 101110.
1018 3361 1095 3448 Ipse
1115 3366 1217 3449 igitur
1226 3365 1317 3432 illam
1334 3384 1408 3432 nar·
1449 3412 1453 3418 »

257 3476 426 3561 1011011011,
447 3494 529 3557 quae
551 3475 637 3558 apud
660 3474 872 3542 Plutarchum
891 3476 925 3541 in
946 3492 1015 3556 cap.
1038 3479 1080 3540 20
1100 3473 1232 3558 legitur,
1258 3472 1408 3542 alicunde

258 3604 322 3653 non
350 3584 536 3667 depromere
565 3600 627 3650 non
656 3583 772 3665 potuit.
823 3583 914 3665 Quae
940 3599 1012 3647 oum
1040 3580 1090 3648 ita
1119 3582 1200 3665 sint,
1233 3585 1409 3649 concentus

259 3693 428 3762 verborum
451 3690 506 3773 qui
520 3692 607 3758 inter
623 3690 834 3757 Plutarchum
853 3699 889 3755 01
904 3688 1083 3772 Diogenem
1094 3689 1193 3775 (apud
1204 3690 1408 3757 Athenaeum

167 3847 172 3855 ·
258 3804 317 3886 IV,
338 3822 391 3886 pg.
416 3802 515 3889 1680)
536 3801 721 3883 intercedit,
743 3800 819 3867 inde
840 3801 930 3865 ortus
951 3816 1023 3864 esse
1043 3796 1187 3880 videtur,
1216 3799 1299 3879 quod
1322 3801 1407 3864 uter·

260 3931 321 3995 que
346 3930 386 3979 ex
406 3912 518 3994 eodem
536 3910 626 3978 fonte
647 3908 765 3977 hausit.
808 3906 965 3974 Doridem
985 3909 1104 3989 autem,
1133 3924 1226 3989 quem
1251 3911 1289 3972 ut
1310 3923 1408 3987 supra

260 4020 438 4103 docuimus,
469 4019 607 4086 maxima
636 4036 677 4083 ex
697 4020 792 4099 parte
814 4015 1009 4083 Plutarchus
1037 4015 1071 4081 iu
1092 4014 1254 4085 Phocione
1277 4017 1408 4080 secutus

260 4132 326 4212 001,
356 4129 389 4195 10
416 4147 485 4212 cap.
509 4132 550 4193 20
571 4143 695 4208 quoque
714 4123 802 4192 illius
824 4123 946 4191 fontem
968 4141 1053 4206 esse,
1086 4140 1127 4189 ex
1152 4140 1190 4189 eo
1211 4120 1281 4189 veri
1303 4120 1409 4209 simile

260 4238 308 4321 lit,
330 4237 414 4320 quod
437 4239 472 4301 et
492 4233 611 4301 Phocio
625 4232 774 4301 laudibus
793 4229 928 4299 effertur
948 4232 1068 4298 -hoc
1085 4234 1194 4297 autem
1213 4230 1267 4297 101
1286 4228 1408 4311 impen-

261 4345 314 4412 dio
338 4343 490 4412 veritatis
515 4342 670 4409 Doridem
699 4341 817 4409 fecisse
844 4340 982 4408 vidimus
1004 4343 1102 4421 -et
1125 4356 1229 4422 genus
1254 4335 1408 4405 narrandi

262 4441 330 4519 tale
353 4458 413 4535 est,
436 4451 531 4533 quale
554 4450 654 4519 Samii
674 4450 837 4541 proprium
856 4466 927 4516 esse
947 4446 1157 4528 exposuimus.
1201 4447 1278 4513 Cum
1298 4444 1388 4527 capit

263 4566 304 4633 20
324 4577 400 4630 vero
421 4578 461 4627 ea
479 4577 561 4647 quae
583 4559 691 4646 capite
711 4565 749 4629 lo
772 4561 957 4641 manantur,
980 4559 1049 4624 tam
1070 4558 1144 4624 arte
1164 4554 1348 4639 cohaerent,
1370 4559 1409 4625 nt

45 4596 52 4673 i
154 4661 196 4725 r
