3234 5067
704 545 916 604 ..27-

237 711 287 775 καί
313 711 456 793 οἰκείων,
480 702 676 795 ὀδυρόμενοι
701 712 754 777 καί
783 693 1070 795 καταδρηνοόντες
1099 704 1263 793 ἐβάδιζον,
1290 702 1329 773 τό
1353 706 1387 771 δὲ

238 818 424 896 Φωκίωνος’
437 812 621 904 πρόσωπον
642 812 714 885 οίον
736 810 791 885 δτε
809 818 1001 905 στρατηγῶν
1019 810 1075 882 ἄπ’
1091 814 1128 882 ἐκ
1142 814 1275 901 κλησίας
1286 808 1397 899 προτί.

235 920 379 1011 πίμπετο
401 926 578 1005 βλέποντες
600 920 787 1012 ἐθαύμαζον
808 923 868 1014 τὴν
889 919 1054 993 άπάθειαν
1075 926 1130 994 καὶ
1149 922 1390 1010 μεγαλοψυχίαν

150 1106 152 1111 ,
236 1036 297 1101 τοῦ
317 1028 439 1119 α’νδρὸς
466 1031 496 1099 οἱ
517 1034 553 1100 δὲ
573 1032 687 1120 ἐχθροὶ
707 1037 819 1113 κακῶς
837 1033 947 1121 ἔλεγον
965 1033 1227 1119 παρατρέχοντες
1248 1036 1318 1097 κτλ.
1417 1129 1420 1132 ,

342 1160 503 1228 Diodorus
522 1168 562 1245 (c.
588 1168 638 1247 67,
658 1166 821 1247 3)ἀοίειυ
838 1164 897 1230 hoc
916 1164 1009 1231 modo
1030 1180 1165 1229 narrare
1184 1159 1306 1244 pergit:

341 1265 610 1357 συνηκολούθουν
633 1271 669 1337 δὲ
690 1266 802 1351 ου’τοῐς
821 1274 939 1338 πολλοὶ
960 1275 1031 1338 τῶν
1053 1270 1242 1337 σπουδαίων
1255 1264 1390 1353 άνδρῶν

237 1370 430 1463 ὀδυρόμενοι
443 1380 496 1443 καὶ
511 1372 754 1465 συμπάσχοντες
770 1380 823 1445 ἐπὶ
843 1383 894 1468 τῶ
914 1381 1043 1467 μεγέθει
1063 1382 1134 1445 τῶν
1156 1370 1390 1465 ἀτυχημάτων·

237 1481 276 1551 τό
303 1479 364 1571 γὰρ
386 1481 627 1570 πρωτεύοντας
654 1481 779 1572 ἄνδρας
809 1499 881 1566 ταῖς
904 1484 1017 1578 δόξαις
1039 1488 1092 1552 καί
1114 1496 1186 1563 ταῖς
1210 1478 1391 1570 εὐγενείαις,

236 1589 344 1659 πολλὰ
364 1587 573 1680 πεπραχότας
592 1593 627 1661 ἐν
652 1599 702 1682 τῶ
728 1598 784 1683 ζῆν
812 1590 1052 1681 φιλάνθρωπα,
1079 1589 1157 1680 μήτε
1188 1587 1288 1679 λόγου
1313 1586 1391 1677 μήτε

237 1702 374 1787 κρίσεως
396 1703 522 1781 δικαίας
544 1695 714 1789 τυγχάνειν
731 1699 876 1783 πολλοὺς
897 1693 971 1791 ἦγεν
994 1705 1039 1782 εἰς
1059 1701 1226 1768 ἐπίστασιν
1247 1698 1392 1776 διανοίας

238 1811 291 1876 καὶ
313 1803 430 1894 φόβον,
452 1803 596 1878 άστάτου
617 1814 670 1877 καὶ
691 1816 802 1899 κοινῆς
821 1804 924 1879 άπασι
943 1814 999 1899 τῆς
1017 1807 1115 1897 τύχης
1133 1805 1240 1895 οὔσης.
1268 1806 1389 1873 Πολλοί
1457 1818 1459 1821 ’

183 1963 207 1985 ,ι
240 1918 353 1985 δὲκαὶ
381 1922 451 1985 τῶν
483 1920 670 2005 δημοτικῶν
699 1922 753 1985 καὶ
779 1923 908 2007 πικρῶς
933 1920 1147 2005 διακειμένων
1175 1914 1260 2003 πρὸς
1290 1910 1393 1980 αὐτόν

239 2024 432 2111 ἐλοιδόρουν
460 2052 495 2093 τε
517 2022 663 2114 άνηλεῶς
688 2032 742 2094 καὶ
768 2032 898 2114 πικρῶς
920 2025 1087 2113 υόνείδιζον
1114 2022 1206 2113 ου’τῶ
1230 2020 1289 2102 τὰς
1316 2042 1393 2109 συμ-

107 2120 108 2123 Ὶ
237 2124 363 2219 φοράς·
383 2138 451 2203 κτλ.

343 2264 426 2330 Toto
447 2264 596 2331 hocloco
615 2264 696 2331 nihil
707 2264 885 2331 Plutarcho
906 2280 1072 2331 commune
1092 2266 1144 2328 est
1162 2278 1234 2327 cum
1253 2259 1393 2327 Diodoro

240 2369 303 2469 nisi
323 2371 490 2454 usurpatio
509 2371 601 2439 uerbi
622 2366 812 2457 ὀδύρεσθαι·

346 2501 450 2584 Quam
468 2490 580 2568 vobrem
598 2500 747 2581 quoniam
768 2501 809 2567 iis
830 2501 924 2583 lucie,
946 2518 1026 2581 quos
1045 2500 1087 2566 ad
1107 2501 1286 2565 extremum
1311 2517 1394 2565 com·

242 2610 436 2693 paravimus,
459 2594 656 2676 Plutarchus
675 2609 772 2693 longe
793 2610 878 2675 alias
896 2627 1001 2676 voces·
1014 2609 1203 2691 plerumque
1223 2607 1326 2691 elegit
1346 2611 1397 2673 at-

247 2704 491 2801 que'biodoros,
509 2718 543 2784 in
564 2718 627 2784 hac
648 2733 765 2810 sumus·
779 2717 954 2801 sententia,
975 2722 1013 2783 ut
1022 2721 1181 2799 putemus,
1198 2714 1286 2782 ultra
1297 2716 1399 2783 verba

242 2828 302 2893 illa
322 2827 342 2913 ἡ
362 2824 460 2906 πόλις
479 2827 611 2913 διέφυγε
629 2823 689 2892 τὸν
712 2827 869 2893 κίνδυνον
895 2826 929 2892 in
955 2825 1062 2907 priore
1091 2824 1210 2906 capitis
1237 2830 1277 2890 35
1303 2830 1398 2905 parte

245 2934 387 3017 vestigia
407 2934 597 3017 Hieronymi
616 2933 703 3015 apud
720 2933 932 3000 Plutarchum
953 2951 1017 3000 non
1041 2931 1179 3013 amplius
1200 2930 1348 2997 inveniri.

348 3063 447 3130 Klotz
464 3081 519 3130 eos
538 3064 636 3145 locos,
660 3062 774 3144 quibus
784 3062 954 3129 Plutarchi
970 3062 1071 3129 verba
1085 3059 1292 3127 similitudem
1301 3076 1399 3140 quan·

246 3171 319 3238 dam
342 3189 413 3238 cum
429 3170 570 3239 Diodoro
592 3172 733 3254 habent,
757 3188 963 3237 enumerasse
984 3168 1067 3236 satis
1093 3167 1208 3235 habuit
1232 3172 1332 3247 atque
1358 3186 1402 3247 exi

245 3280 305 3347 hoc
328 3278 448 3362 effecit,
470 3283 508 3345 ut
523 3279 720 3346 Plutarchus
741 3280 775 3346 in
788 3279 950 3373 Phocione
971 3275 1188 3358 componendo
1209 3274 1309 3341 etiam
1321 3273 1398 3341 Hie·
1521 3375 1525 3381 .

246 3388 372 3471 ronymi
392 3388 492 3455 libros
513 3391 712 3469 sequeretur.

347 3515 446 3583 Dicet
480 3520 590 3583 autem
626 3516 768 3583 fortasse
806 3515 984 3596 quisqiam,
1029 3529 1106 3580 casu
1149 3512 1273 3578 factum
1316 3530 1397 3594 esse,

247 3628 284 3689 ut
318 3622 375 3689 ille
413 3623 628 3705 compluribus
671 3624 752 3691 locis
787 3624 917 3689 easdem
964 3639 1060 3688 voces
1109 3623 1282 3701 usmparet
1319 3635 1399 3704 quas

247 3728 420 3814 Diodorus,
454 3747 559 3812 nequo
588 3732 661 3799 huic
693 3732 741 3799 rei
774 3730 870 3797 nimis
902 3730 1038 3796 multum
1076 3728 1281 3795 tribuendum
1317 3744 1399 3791 esse.

247 3838 330 3906 Nam
351 3838 392 3905 de
412 3837 526 3905 iisdem
546 3838 642 3917 rebus
662 3840 761 3907 etiam
782 3838 940 3905 similibus
959 3836 1067 3904 verbis
1088 3834 1218 3904 namuri
1238 3837 1399 3915 oportere.

247 3946 339 4014 Haec
357 3946 480 4015 dicenti
500 3946 778 4030 respondebimus:
798 3946 995 4013 Plutarchus
1016 3946 1057 4012 de
1077 3942 1399 4011 helloLamiaconon

247 4058 348 4124 solum
371 4056 495 4137 aliquot
515 4056 594 4122 locis
614 4074 685 4123 cum
695 4055 837 4123 Diodoro
849 4055 892 4122 cd
913 4055 1047 4125 uerbum
1056 4052 1220 4121 consentit
1230 4051 1288 4117 sed
1298 4050 1398 4117 etiam

247 4163 288 4231 iis
309 4163 397 4248 locis,
420 4164 535 4246 quihus
556 4164 676 4231 idcirco
697 4165 781 4245 quod
803 4182 856 4230 res
883 4162 1091 4258 complurium
1116 4159 1271 4228 mensium
1293 4158 1399 4241 spatio

247 4277 360 4359 gestas
380 4292 445 4341 una
466 4272 747 4356 comprehensione
765 4271 917 4355 absolvit,
939 4273 1072 4339 verbum
1090 4288 1148 4355 pro
1167 4269 1266 4336 verbo
1284 4267 1398 4333 Hiero·

248 4400 379 4467 nymum
400 4380 582 4448 describere
602 4398 666 4447 non
689 4378 811 4464 potuit‚'
827 4385 937 4446 tamen
955 4398 1014 4463 per
1027 4376 1276 4462 imprudentiam
1286 4375 1399 4443 dictio·

248 4494 322 4558 nem
344 4489 414 4557 eius
433 4488 580 4556 imitatus
601 4492 661 4555 est.
705 4487 866 4555 Diodorus
887 4488 970 4556 enim
991 4488 1026 4554 in
1043 4485 1194 4554 illobello
1207 4483 1398 4552 desribendo

250 4598 378 4687 saepius
397 4598 495 4669 verbo
514 4592 780 4685 παρατάττεσθαι
798 4595 929 4687 (XVIII
949 4614 979 4666 c.
1003 4601 1040 4661 11
1061 4596 1080 4681 ς
1099 4600 1117 4659 t
1139 4596 1175 4662 et
1189 4611 1216 4660 c.
1242 4598 1291 4661 12.
1314 4596 1347 4674 4)
1363 4596 1397 4661 et
