3234 5067
692 580 908 642 ...12-

212 746 252 811 iis
274 753 366 813 certa
388 750 547 829 quaedam
573 740 714 830 insignia
744 746 884 813 inveniri
913 746 1156 827 respondemus,
1188 763 1271 825 quae
1293 750 1373 808 tarn-

213 873 308 934 quam
332 857 474 941 vestigia
495 856 529 921 in
548 856 682 937 pulvere
705 854 823 921 relicta
844 854 877 920 iu
901 874 997 921 unum
1019 857 1187 919 auctorem
1209 852 1330 918 ferunt.

315 964 364 1028 Ac
386 964 522 1045 primunr
546 963 673 1045 quidem
697 962 826 1028 illorum
849 963 989 1028 locorum
1020 961 1182 1044 proprium
1203 966 1271 1042 est,
1291 960 1375 1040 quod

213 1067 246 1133 in
269 1068 309 1135 iis
331 1090 420 1136 mens
443 1072 547 1153 spirat
570 1071 695 1152 studiis
720 1070 835 1151 quibus
857 1089 967 1135 omnes
989 1069 1108 1134 Graeci
1127 1068 1256 1151 patriae
1280 1069 1376 1134 libcr-

212 1176 357 1256 tatisque
386 1184 535 1243 armantes
558 1183 627 1243 tum
650 1180 876 1258 movebantur,
906 1177 1037 1242 infesta.
1082 1177 1165 1242 Nam
1205 1195 1275 1258 cap.
1294 1176 1376 1241 XVI

214 1284 242 1348 oi
257 1285 419 1362 βέλτιστοι
443 1288 465 1351 ii
487 1280 660 1368 vocanturp
695 1286 749 1366 qui
771 1286 863 1367 pacis
884 1284 1019 1350 studiosi
1040 1286 1082 1350 ab
1103 1284 1282 1350 inimicitiis
1305 1303 1376 1350 cum

213 1391 362 1473 Philippo
374 1395 593 1461 Athemenser
604 1394 770 1460 dehortati
782 1399 891 1460 erant:
915 1394 1096 1479 Γενομένης
1111 1394 1146 1458 δὲ·
1161 1386 1258 1479 ἥττης
1274 1441 1375 1461 .....

214 1494 426 1586 ἐφοβήθησαν
450 1501 480 1566 oi
501 1494 674 1581 βέλτιστοι.
728 1502 886 1567 Oratores
916 1507 1025 1567 autern
1048 1508 1083 1565 et
1103 1501 1211 1583 duces
1233 1501 1288 1581 qui
1320 1501 1376 1566 ad-

212 1626 326 1673 versus
338 1608 533 1675 Macedones
556 1612 701 1691 stabant,
728 1628 839 1675 omnes
861 1609 999 1689 denique
1015 1610 1188 1690 populares
1209 1627 1280 1675 cum
1303 1627 1376 1673 con·

213 1716 391 1797 temptione
429 1719 567 1799 quadam
598 1725 632 1784 et
664 1718 905 1784 obtrectatione
938 1723 1128 1782 constanter
1159 1717 1375 1799 nominantur

215 1822 417 1906 Oratoribus
439 1825 626 1905 quibuscum
638 1826 833 1890 Phocionem
854 1824 1028 1889 dissedisse
1037 1842 1078 1888 ex
1088 1824 1197 1889 verbis
1217 1823 1376 1908 φοβηθεὶς

213 1929 293 2008 τούς
315 1925 454 2017 ῥήτορος
477 1936 546 1998 τῶν
571 1928 753 2019 Ἀθηναίων
777 1932 809 1997 in
833 1934 897 1997 fine
920 1951 990 2013 cap.
1018 1932 1106 1997 XIII
1130 1936 1282 2017 apparet,
1305 1949 1375 2012 cap).

212 2040 294 2105 unu
316 2040 365 2105 us
393 2042 492 2124 [araga
522 2041 695 2125 infligitur:
824 2021 1029 2126 ὡρμημένων
1064 2036 1097 2105 oi
1119 2041 1189 2104 τοι»
1207 2039 1376 2124 Ἀοηιοω»

212 2152 346 2232 βοηθεῖν
363 2146 392 2211 οἱ
414 2143 547 2234 ῥήτορες
565 2143 768 2235 ἠγωνίσαντο
790 2145 850 2213 τὸν
871 2141 1007 2234 Χάρητα
1030 2143 1211 2234 στρατηγὸν
1234 2141 1374 2211 ἀποστα-

214 2257 307 2340 λῆναι
419 2264 453 2321 et
485 2252 581 2339 paulo
613 2257 765 2323 inferius:
798 2250 817 2321 ὁ
841 2257 876 2321 δὲ
900 2256 1000 2341 δῆμος
1025 2248 1092 2320 ὑπὸ
1122 2260 1192 2321 τῶν
1223 2249 1375 2341 (ἲῆτόρονν

212 2359 478 2449 παροξυτόμτνος
507 2359 679 2450 ἠγανάκτει
701 2370 772 2431 κτλ.
817 2364 879 2430 His
908 2364 1010 2447 igItur
1034 2363 1113 2428 locis
1145 2363 1280 2445 primum
1308 2362 1373 2426 oul-

213 2488 275 2551 pae
297 2476 461 2535 oratorum
484 2462 688 2555 assignatur,
712 2474 794 2553 quod
824 2472 1044 2536 Athenienses
1067 2471 1240 2536 Oharetem
1257 2470 1374 2536 iudicio

105 2585 107 2589 '
212 2577 416 2659 optimatium
445 2581 604 2646 hominem
634 2598 697 2646 non
725 2581 874 2645 idoneum
904 2578 1099 2661 Byzantinis
1128 2578 1249 2645 auxilio
1280 2578 1373 2643 mise·

209 2692 295 2751 runt.
340 2686 468 2753 Deinde
481 2689 523 2753 ab
551 2688 665 2753 iisdem
688 2689 840 2769 populum
862 2688 910 2753 ita
933 2687 1113 2752 excitatum
1135 2706 1207 2752 esse
1230 2686 1263 2752 in
1286 2685 1386 2753 cives·

214 2791 302 2856 illius
333 2794 421 2858 urbis
446 2814 465 2859 a
489 2794 637 2877 Philippo
662 2796 814 2861 obsessae
840 2795 945 2860 altero
970 2794 1027 2859 illo
1060 2795 1130 2859 loco
1153 2793 1305 2876 legimus
1337 2800 1375 2859 ut

212 2898 333 2963 auxilio
364 2900 493 2966 venisse
515 2921 587 2967 eum
615 2922 658 2968 sc.
699 2901 849 2983 populum
877 2901 1070 2982 paeniteret.
1125 2898 1289 2981 Quomodo
1322 2918 1375 2965 ros

215 3025 291 3072 vero
317 3026 352 3072 se
373 3008 534 3092 habuerit,
558 3010 644 3076 int'ra
667 3009 860 3075 docebimus
906 3009 1005 3075 Initio
1032 3028 1102 3090 cap.
1124 3008 1206 3073 XVI
1228 3027 1311 3074 uuus
1333 3028 1373 3075 ex

213 3115 410 3181 adversariis
431 3116 602 3183 Phocionis
625 3142 674 3197 τις
695 3123 765 3183 τῶν
790 3116 966 3184 εἰωθότων
978 3118 1202 3183 κυλινδεῖσθαι
1218 3119 1293 3201 περὶ
1314 3113 1373 3202 τὴν

206 3214 359 3288 Ἡλιαίαν
395 3226 447 3288 καὶ
477 3238 695 3308 συκοφαντεῖν
726 3225 921 3307 appellatur.
966 3225 1066 3290 initio
1092 3243 1162 3305 cap.
1194 3223 1280 3288 XXI
1303 3242 1372 3289 ora·

214 3337 301 3395 tores
322 3331 455 3396 consilio
478 3332 649 3398 Phocionis
671 3332 719 3399 rei
739 3332 889 3413 publinae
907 3332 947 3398 de
966 3332 1131 3397 sententia
1146 3330 1274 3410 quidem
1294 3330 1372 3394 ami-

213 3458 321 3503 corum
342 3439 411 3504 eins
431 3440 554 3505 salubri
574 3440 713 3506 obfuisse
728 3447 763 3505 et
780 3441 891 3506 eodem
914 3460 984 3521 cup.
1007 3440 1089 3504 med.
1111 3433 1190 3514 τοὺς
1211 3430 1373 3514 εἰωθότας

212 3541 280 3611 ἀπὸ
308 3549 368 3611 τοῦ
392 3541 541 3633 βήματος,
562 3550 811 3634 χρηματίζεσθαι
831 3548 1019 3629 trequentes
1040 3547 1083 3612 ad
1097 3546 1276 3628 Harpalum
1298 3566 1372 3612 con·

212 3652 351 3719 currisse
373 3655 458 3735 apud
481 3655 692 3722 Plutarchum
715 3658 900 3738 accipimus.
946 3654 1102 3720 Oratores
1121 3660 1231 3719 autem
1253 3654 1307 3735 qui
1330 3674 1371 3720 nc

212 3763 254 3827 ad
278 3761 498 3828 Alexandmm
521 3764 554 3828 in
577 3764 688 3829 Asiam
712 3783 814 3831 naves
833 3764 1104 3829 submitterentur
1123 3764 1241 3845 populo
1263 3782 1371 3829 suase·

211 3878 303 3952 runt,
327 3872 563 3938 Demosthenes
593 3878 627 3938 et
648 3872 832 3955 Hyperides
861 3872 1002 3937 fuerunt.
1048 3872 1091 3938 ct‘.
1115 3871 1285 3953 Schaet'er‚
1307 3871 1371 3935 De·

212 3982 397 4046 nrosthenes
415 3980 468 4045 HI
494 3986 563 4048 161.
607 3981 825 4046 Acerbissime
846 3998 924 4046 vero
947 3986 1093 4046 oratores
1112 3979 1284 4061 populares
1300 3997 1369 4059 cap.

211 4089 330 4154 XXIII
361 4088 464 4153 medio
487 4096 684 4155 accusantur
707 4089 817 4155 verbis
835 4138 842 4154 .
858 4138 865 4154 .
882 4139 916 4155 ..
939 4085 1018 4165 τοὺς
1045 4089 1081 4153 δὲ
1103 4080 1371 4173 ῥήτοραςᾰπέχε·

212 4204 290 4261 com
319 4198 379 4261 τοῦ
406 4198 558 4262 κλέπτειν
577 4195 618 4262 τὰ
640 4193 785 4283 δημόσια.
831 4200 955 4261 Auctor
976 4195 1092 4279 igitur,
1123 4212 1216 4275 quem
1242 4193 1371 4259 Plutar-

212 4305 291 4369 chus
314 4311 445 4370 secutus
467 4313 532 4387 est,
560 4306 600 4370 de
631 4306 830 4387 prIncipibus
852 4308 993 4387 partium
1014 4302 1216 4385 popularium
1238 4320 1302 4367 non
1322 4319 1370 4367 so·

212 4413 276 4477 lunr
300 4414 508 4495 contemptim
526 4414 670 4494 loquitur
700 4414 757 4479 sed
778 4412 878 4478 etiam
908 4431 963 4478 eos
995 4430 1058 4477 non
1078 4411 1126 4476 rei
1147 4409 1299 4493 publicae
1319 4429 1370 4475 sa.-

211 4518 272 4583 luti
295 4522 351 4584 sed
373 4521 439 4586 suis
462 4523 635 4588 commodis
657 4522 797 4589 sarulsse
819 4520 997 4587 contendit.
1044 4518 1136 4601 Quod
1168 4519 1371 4603 opprobrium

212 4644 249 4695 co
288 4626 508 4712 impudentius
548 4639 612 4715 est,
646 4631 721 4714 quta
757 4632 922 4697 rhetorum
964 4628 1093 4695 nomine
1128 4629 1253 4710 aliquot
1290 4631 1370 4699 locis
