3234 5067
700 507 911 567 ..23-

234 692 272 745 ex
294 674 404 741 eodem
428 674 520 739 fonte
538 692 578 739 ea
598 672 728 749 fluxisse
752 691 845 739 nemo
869 690 991 754 negare
1012 669 1125 753 possit.
1159 670 1214 735 Ita
1231 686 1381 735 numerus

232 801 340 850 eorum
359 780 513 865 capitum,
534 799 617 863 quae
633 782 828 849 Plutarchus
850 799 891 848 ex
905 780 997 846 fonte
1016 777 1187 862 principali
1201 796 1259 845 suo
1275 796 1380 859 sump-

230 890 284 975 sit,
307 890 431 957 duohus
455 888 616 972 capitibus
636 890 749 957 creuit.

333 1017 528 1084 Contentum
548 1022 658 1084 autem
678 1036 784 1084 rerum
806 1034 890 1097 quae
909 1015 995 1099 apud
1010 1014 1221 1083 Plutarchum
1235 1014 1270 1080 iu
1286 1032 1378 1096 capp.

233 1131 283 1193 le.
308 1130 358 1192 lo.
380 1130 431 1193 20.
460 1130 500 1192 21
531 1130 718 1205 narrantur,
758 1124 858 1192 etiam
893 1124 929 1191 in
959 1122 1051 1189 libris
1079 1120 1213 1189 Duridis
1243 1122 1379 1189 eundem

231 1231 331 1298 fuisse
351 1231 505 1299 dissimile
523 1233 595 1299 veri
616 1237 682 1315 est,
698 1232 769 1299 sed
788 1230 984 1298 Plutarchus
1010 1230 1099 1297 illam
1129 1228 1169 1297 de
1193 1228 1389 1309 mulieribus¹

231 1339 400 1407 Phocionis
433 1346 468 1406 et
497 1340 537 1408 de
563 1340 671 1408 Phoco
699 1342 764 1407 filio
793 1339 1025 1423 digressionem
1054 1338 1209 1405 hocloco
1236 1335 1387 1419 interpo,

230 1447 331 1515 suisse
345 1447 484 1531 uidetur,
507 1448 591 1530 quod
608 1448 702 1517 initio
724 1467 793 1532 cap.
808 1454 847 1514 18
870 1447 910 1514 de
931 1446 1039 1514 altera
1060 1465 1101 1513 ex
1123 1445 1197 1529 illis,
1219 1432 1378 1513 incertum

229 1561 281 1623 est
303 1554 343 1621 de
365 1559 454 1638 utra,
482 1555 546 1623 iam
569 1561 778 1624 narraverat:
807 1604 896 1624 .....
918 1551 978 1642 τὴν
999 1551 1062 1641 μὴν
1082 1563 1220 1640 γυναῖκα
1240 1547 1378 1640 μάττου-

229 1681 290 1730 σαν
311 1668 381 1729 κτλ.
658 1681 661 1687 ·

333 1791 506 1860 Charetem
528 1790 763 1875 Mytilenaeum
793 1744 876 1860 num
902 1791 966 1859 alio
992 1807 1117 1872 quoque
1136 1790 1206 1856 loco
1227 1793 1327 1872 atque
1343 1789 1377 1857 in

228 1902 292 1968 tine
313 1918 382 1982 cap.
408 1904 446 1966 17
470 1898 667 1967 Plutarchus
687 1904 819 1968 secutus
839 1901 892 1984 sit,
914 1905 966 1967 est
984 1917 1042 1966 cur
1062 1899 1254 1966 dubitemus.

328 2050 396 2117 Nec
418 2069 495 2117 vero
518 2070 625 2119 rerum
646 2044 821 2132 scriptores
846 2052 948 2118 solum
970 2050 1027 2117 sad
1053 2050 1153 2117 etiam
1172 2049 1378 2135 philosophos

225 2159 370 2240 aliosque
392 2158 560 2227 occasione
581 2159 662 2227 data
682 2159 738 2227 ille
760 2159 931 2227 consuluit.
974 2158 1073 2225 [uitio
1095 2158 1180 2226 eninr
1199 2156 1314 2240 capu
1334 2157 1377 2224 ad

226 2267 387 2335 Zenonem
408 2261 645 2351 provocantia
666 2264 727 2354 γὰρ
749 2261 768 2334 ὃ
788 2262 906 2354 Ζήνωρ
927 2264 1041 2353 ἔλεγεν,
1063 2260 1116 2333 ὅτι
1137 2267 1187 2332 δεῖ
1205 2262 1266 2332 τὸν
1285 2260 1377 2350 acid-

225 2394 331 2461 σοφον
352 2377 398 2455 εἰς
418 2380 508 2444 νοῦν·
521 2371 758 2457 ἀποβάπτοντα
779 2377 1005 2462 προφέρεσθαι
1025 2371 1084 2462 τὴν
1107 2373 1214 2455 λέξιν.
1229 2424 1258 2440 ..
1276 2379 1348 2442 κτλ.

329 2528 511 2594 Secundum
545 2528 627 2594 haec
659 2521 760 2595 rerba
791 2526 931 2593 Zenonis
963 2525 1160 2592 Plutarchus
1192 2524 1377 2592 testimonio

224 2633 394 2719 Polyeuoti
415 2635 558 2717 spreturi
580 2634 713 2703 nititur:
744 2636 805 2701 Καὶ
835 2632 921 2721 πρὸς
946 2637 1047 2701 τοῦτο
1073 2632 1179 2699 ἔοικεν
1205 2627 1336 2699 ἀπιδών
1357 2632 1377 2699 ὁ

224 2742 388 2825 Σφέττιος
409 2737 618 2821 Πολύευκτος
635 2743 746 2826 εἰπεῖν,
769 2735 822 2808 ὅτι
842 2737 1033 2835 ῥήτωρμὲν
1053 2735 1185 2827 ἄριστος
1205 2740 1252 2827 εἴη
1273 2743 1376 2827 Δημο-

225 2849 352 2935 σθένης,
373 2849 476 2917 εἰπεῖν
496 2851 532 2916 δὲ
554 2844 741 2929 δεινότατος
765 2843 784 2917 ὁ
808 2851 961 2917 Φωκίων.
1004 2849 1098 2916 Unde
1120 2850 1180 2916 hoo
1201 2848 1242 2916 de
1259 2847 1377 2916 Demo·

225 2956 350 3023 athenis
372 2961 407 3023 et
427 2957 599 3025 Phocionis
611 2957 797 3039 eloquentia
814 2957 966 3026 iudicium
981 2956 1163 3041 sumpserit,
1180 2955 1375 3024 Plutarchus

144 3088 147 3095 ¹
224 3062 257 3129 in
279 3062 351 3131 uita
370 3063 498 3145 quidem
519 3065 560 3131 de
585 3083 649 3146 qua
663 3063 865 3147 disputamus
885 3064 1015 3133 silentio
1035 3064 1151 3147 omisit,
1173 3064 1231 3131 sed
1251 3064 1285 3129 in
1305 3064 1376 3133 vita

222 3170 451 3239 Demosthenis
472 3192 499 3239 c.
524 3178 564 3239 10
586 3190 622 3239 se
644 3190 685 3239 ex
707 3172 861 3241 Aristone
881 3173 960 3240 onio
982 3173 1128 3240 hausisse
1149 3172 1282 3240 fatetur.

249 3308 252 3314 ’
325 3322 462 3390 Omnino
484 3322 699 3391 Plutarchum
718 3324 751 3389 iu
772 3323 844 3391 vita
862 3322 1031 3391 Phocionis
1048 3322 1281 3390 conscribenda
1294 3324 1374 3390 mul·

222 3427 327 3511 tiplici
358 3428 527 3498 literarum
559 3430 759 3498 Graecarum
795 3430 935 3498 scientia
966 3448 1062 3512 quam
1092 3430 1207 3497 hahuit
1239 3431 1373 3499 abusum

221 3552 293 3601 esse
322 3538 422 3615 atque
450 3536 618 3605 occasione
645 3538 725 3605 data
751 3538 993 3607 recordationes
1021 3538 1251 3621 interposuisse
1272 3556 1371 3622 supra

222 3642 477 3710 demonstratum
494 3649 554 3712 est.
1149 3663 1152 3669 ’

326 3772 434 3855 Quare
454 3772 605 3854 quoniam
626 3790 680 3841 eos
704 3775 800 3858 locos,
824 3775 878 3856 qui
899 3776 932 3843 in
953 3776 1013 3842 hoc
1033 3765 1291 3844 recordationum
1314 3794 1372 3843 nu-

221 3896 309 3946 mero
332 3879 470 3947 ducendi
491 3884 583 3965 suut,
609 3881 674 3948 iam
694 3882 964 3967 enumeravimus,
997 3882 1154 3964 reliquum
1176 3887 1241 3968 est,
1272 3888 1311 3951 ut
1330 3884 1371 3951 de

220 3986 358 4073 singulis
378 4006 483 4072 pauca
503 3988 668 4059 addamus.
779 4046 781 4049 .
846 4053 848 4057 ,

322 4116 374 4185 De
394 4118 519 4204 origine
539 4121 850 4207 apophthegmatum
872 4139 995 4206 eorum,
1018 4140 1114 4205 qnae,
1136 4126 1174 4188 ut
1193 4120 1236 4188 ab
1257 4122 1370 4190 ultimo

220 4222 398 4309 ordiamm,
431 4246 501 4311 cap.
525 4234 565 4295 30
596 4228 671 4296 iude
699 4250 720 4295 a
750 4229 859 4298 uerbis
886 4231 950 4297 Kal
976 4230 1089 4315 μέντοι
1117 4223 1136 4295 ὁ
1167 4229 1309 4295 Φωκίων
1328 4221 1368 4283 Ι-

219 4335 472 4419 συγχορηγοῦσιν
494 4336 535 4402 de
555 4335 701 4404 Demade
722 4340 908 4421 narrantur,
931 4336 1029 4404 Klotz
1052 4355 1106 4421 pg.
1123 4340 1164 4403 56
1184 4355 1226 4403 ne
1245 4336 1370 4421 opinari
1451 4411 1455 4417 .

219 4440 347 4521 quidem
370 4442 478 4511 audet.
518 4443 614 4515 Color
634 4448 742 4511 autem
764 4444 850 4512 idem
877 4446 909 4511 in
934 4444 975 4512 iis
1000 4444 1205 4530 ,cognoscitur
1220 4443 1369 4527 idemque

219 4547 359 4617 studium
382 4550 505 4621 leviora
527 4556 563 4622 et
583 4569 678 4622 aures
700 4552 877 4641 legentium
899 4553 1072 4631 titillantia
1092 4553 1260 4642 uenandi,
1282 4555 1367 4642 quod
