3234 5067
719 458 930 518 ,32-

247 623 355 705 timus,
375 623 409 689 in
435 622 568 705 reliquis
591 628 699 691 autem
726 626 768 691 ab
795 643 833 693 co
855 625 896 691 de
919 624 1080 693 Phocione
1101 624 1229 705 quidem
1251 622 1404 695 dissenti-

250 748 329 797 mus,
373 728 455 797 Nam
478 749 518 797 ex
540 750 592 814 eo,
609 733 698 813 ‚quod
720 734 936 816 compluribus
957 732 1037 799 locis
1060 732 1094 799 in
1114 734 1185 801 rita
1206 732 1406 799 Plutarchus

251 838 381 911 uberior
402 843 454 933 est
475 857 569 935 quam
593 838 627 906 in
648 838 836 924 Moralium,
858 860 930 908 eum
944 860 1017 907 cum
1030 840 1070 907 de
1082 840 1244 919 Phocione
1261 839 1405 907 scribere

252 945 505 1030 aggrederetur,
536 947 578 1013 ad
599 947 722 1014 fontem
748 948 853 1031 ipsum
875 949 1012 1030 redisse,
1043 967 1108 1016 non
1127 948 1405 1032 apophthegmata

251 1054 316 1119 iam
339 1057 418 1123 ante
434 1072 474 1120 cx
496 1056 607 1121 eodem
639 1059 794 1138 excerpta
817 1056 853 1121 in
873 1055 975 1123 vitam
1004 1056 1265 1139 transscripsisse
1284 1055 1404 1123 intelli-

246 1162 345 1253 gitur.
390 1160 462 1245 Qua
492 1162 526 1229 in
546 1163 712 1229 sententia
743 1181 780 1230 eo
813 1164 917 1248 magis
935 1162 1059 1247 sumus,
1091 1151 1175 1254 quod
1203 1165 1404 1247 apophtheg·

247 1274 339 1363 mata
360 1268 394 1335 in
415 1269 593 1337 Moralibus
613 1289 684 1337 cum
696 1271 735 1337 iis
757 1290 840 1355 quae
862 1272 896 1338 in
917 1272 988 1339 vita
1006 1276 1210 1355 repetuntur,
1226 1271 1404 1353 rebusqui-

251 1379 323 1443 dem
356 1378 579 1460 consentiunt,
612 1379 852 1447 constructione
888 1383 996 1447 autem
1028 1369 1201 1446 uerborum
1240 1378 1404 1447 diffemnt.

250 1486 357 1552 Semel
378 1489 507 1553 tantum
528 1485 576 1569 fit,
598 1497 636 1552 ut
657 1487 897 1571 apophthegma
917 1487 1005 1553 etin
1025 1486 1202 1555 Morahbus
1223 1489 1259 1552 et
1278 1486 1312 1553 in
1334 1486 1403 1554 vita

250 1591 384 1660 verbum
406 1591 446 1658 ox
466 1593 565 1659 uerbo
588 1595 759 1661 reddatur:
785 1594 819 1661 in
840 1593 1018 1660 Moralibus
1039 1594 1087 1661 IV
1113 1599 1147 1660 et
1170 1592 1285 1661 ultima
1304 1596 1402 1662 uerbo

247 1701 366 1783 capitis
387 1707 412 1770 8
430 1700 514 1790 inde
528 1702 570 1768 ab
593 1696 676 1768 Ἐπεὶ
698 1702 733 1767 δὲ
755 1697 860 1787 ’λέγων
876 1702 958 1768 ποτὲ
979 1695 1114 1789 γνώμην
1134 1706 1202 1769 κτλ.

354 1829 468 1923 Longe
489 1830 591 1895 maior
610 1848 687 1913 pars
710 1849 819 1899 eorum
840 1831 1160 1915 apophthegmatnm,
1181 1830 1317 1912 quaein
1338 1830 1406 1902 ,Μο-

252 1938 375 2005 ralibns
394 1938 616 2021 inveniuntur,
640 1938 675 2005 in
693 1939 733 2005 iis
756 1940 917 2023 capitibus
942 1940 1032 2007 vitae
1047 1940 1166 2018 iterum
1192 1939 1349 2020 occurrit,
1371 1938 1405 2003 in

256 2046 371 2127 quibus
385 2046 596 2113 Plutarchum
619 2064 660 2113 ex
680 2046 803 2114 Dnride
815 2048 923 2115 Samio
939 2048 1085 2115 hausisse
1107 2067 1205 2131 supra
1226 2046 1405 2127 docuimus,

187 2220 189 2228 Δ
249 2154 376 2235 reliqua
398 2134 992 2241 vero(I-VII)1ncapp4-10.

239 2351 242 2357 .
350 2284 515 2366 Superest,
546 2289 584 2349 ut
606 2284 646 2350 de
668 2284 793 2367 origine
821 2286 934 2352 horum
961 2233 1083 2369 apopht
1084 2248 1280 2368 hegmatum
1295 2280 1405 2364 paucis

251 2409 457 2473 exponamus.

357 2520 495 2601 Neque
486 2540 550 2587 ram
571 2518 700 2587 dubium
723 2523 787 2603 cst,
818 2520 904 2587 unde
926 2521 1123 2588 Plutarchus
1157 2538 1198 2586 ea
1223 2515 1404 2599 sumpserit.

289 2655 292 2658 ’
357 2648 397 2716 In
419 2649 565 2716 omnibus
595 2649 679 2716 enim
709 2648 794 2715 idem
817 2650 970 2717 narrandi
1005 2670 1108 2735 genus
1129 2648 1292 2727 cernitur,
1321 2645 1405 2723 quod

257 2757 384 2837 quidem
407 2758 512 2841 magis
533 2757 575 2835 ad
598 2756 849 2823 delectationem
870 2777 966 2840 quam
978 2760 1021 2825 ad
1041 2778 1148 2826 rerum
1160 2752 1407 2838 explicationem

259 2870 397 2947 spectat
373 2866 510 2933 thc
529 2865 634 2931 minus
657 2883 765 2931 eorum
780 2868 942 2949 proprium
964 2874 1025 2951 est,
1050 2868 1140 2949 quod
1150 2862 1269 2933 Phocio
1290 2859 1408 2950 ubique

254 2974 369 3039 laudat
354 2977 417 3055 t,ur
435 2973 613 3055 populus
585 2990 716 3053 crusque
728 2974 1022 3044 ducesirrideutur.
1053 2975 1143 3043 Satis
1158 2991 1230 3040 osse
1247 2975 1408 3053 putamus.

255 3081 283 3148 si
304 3085 342 3147 nt
363 3082 396 3148 id
418 3081 501 3161 quod
523 3085 598 3147 cont
583 3081 745 3147 tendimus
771 3084 926 3164 exemplis
956 3084 1141 3166 probemus,
1160 3098 1265 3164 pauca
1289 3077 1415 3161 apoph-¹

254 3190 424 3283 thegmata
445 3192 638 3271 repetamus.

245 3359 253 3365 ”
357 3338 463 3405 Initio·
480 3358 548 3421 cap,
573 3346 602 3405 9.
623 3336 685 3416 Ὡς
704 3340 797 3405 δὀνκ
816 3336 987 3407 ἐπαύοντο·
1001 3359 1044 3405 sca
1066 3335 1098 3403 οἱ
1101 3332 1277 3421 Ἀθηναῖοι
1297 3358 1411 3421 arape-

246 3439 347 3533 ’γότες
370 3448 423 3512 καὶ
444 3448 681 3529 καταβοῶντες,
701 3442 799 3532 λόγον
812 3444 901 3513 εἶπεν
916 3443 1028 3522 αὐτοῖς
1043 3446 1173 3510 τοῦτον.
1200 3436 1294 3530 Ἀνὴρ
1306 3436 1411 3517 δειλός

145 3616 147 3622 ,
257 3556 310 3621 ἐπὶ
325 3548 469 3669 πόλεμον
488 3550 572 3641 ἐξῄει
588 3556 828 3640 φθεγξαμένων
848 3556 884 3619 δὲ
905 3546 1059 3655 κοράκαιν
1078 3547 1119 3619 τὰ
1140 3544 1228 3629 ὅπλα
1248 3544 1350 3628 θεὶς
1334 3543 1410 3635 ησύ-

259 3672 372 3750 χαζεν·
387 3659 456 3730 εἶτα
482 3657 660 3742 ἀναλαβών
696 3650 796 3739 αὖθις
830 3654 930 3746 ἐξῄει,
966 3661 1024 3726 καὶ
1051 3662 1286 3748 φθεγγομένων
1311 3652 1411 3724 πάλιν

257 3768 382 3859 ὑπέστη
411 3772 464 3837 καὶ
496 3773 589 3849 τέλος
615 3766 718 3852 εἶτεν,
747 3762 849 3854 ἵμεῖς
873 3761 1082 3854 κεκράξεσθε
1100 3794 1160 3856 μεν
1188 3770 1339 3856 μέγιστον
1365 3758 1412 3843 ὡς

259 3877 446 3967 δυνατόν’
432 3882 510 3965 εμοῦ
535 3880 571 3945 δὲ
590 3874 631 3945 ov'
650 3872 813 3965 γευσεσθε.
919 3896 922 3902 ’
1012 3897 1014 3902 ’

365 4032 489 4099 Ibidem
512 4028 608 4113 paulo
630 4030 780 4097 iuferius:
806 4029 861 4095 Ἐν
883 4028 919 4094 δὲ
939 4040 1064 4115 καιροῖς
1085 3984 1286 4113 ἐπισφαλέσι
1296 4047 1412 4113 τραχυ-

249 4141 400 4227 νομένου
429 4142 495 4206 τοῦΙ
523 4130 625 4223 δήμου
651 4136 736 4223 πρὸς
762 4132 866 4203 ου’τόν
894 4130 1026 4222 σφόδρα
1055 4136 1109 4201 καὶ
1134 4138 1193 4222 τῆς
1222 4134 1413 4222 στρατηγίας

260 4243 403 4326 εὐθύνας
420 4242 647 4321 ἀπαιτοῦντος.
680 4246 889 4331 ,Σωθεὶητεί
907 4240 996 4326 εἶπεν
1008 4232 1058 4331 „od
1071 4236 1232 4332 μακάριοι,
1243 4246 1412 4330 αρῶτον.“

214 4496 216 4499 Ι
254 4450 257 4453 .
365 4397 450 4465 illud
474 4397 722 4482 apophthegma,
750 4414 812 4478 quo
837 4397 871 4463 in
896 4414 966 4478 cap.
987 4400 1007 4462 9
1026 4398 1109 4465 extr.
1137 4394 1308 4477 Polpeucti
1321 4432 1324 4437 -
1339 4392 1412 4457 obe-

262 4509 344 4575 sitas
365 4507 496 4586 luditur,
518 4524 614 4587 supra
637 4508 703 4580 iem,
717 4504 1046 4609 commemoravimus.
