3234 5067
691 511 948 571 Χι--38--

263 680 367 746 Huius
387 681 435 744 rei
452 666 637 745 testimonio
654 697 693 743 ea
712 677 813 743 verba
828 682 914 759 sunt,
938 696 1021 757 qrrac
1036 698 1078 743 ex
1098 661 1262 745 Ciceronis
1281 680 1420 762 epistola

261 788 304 854 ad
317 806 388 853 eum
399 787 523 870 scripta
541 786 573 851 in
586 805 650 866 qua
663 785 719 851 illc
733 786 774 852 de
792 784 978 866 eloquentia
996 787 1031 853 Ο.
1041 785 1065 851 J
1066 787 1123 853 ulii
1134 787 1284 854 Caesaris
1292 789 1420 855 locutus

263 899 324 977 est,
347 894 432 977 apud
454 892 642 960 Suetonium
661 892 694 958 in
714 892 958 959 vitavcaesaris
977 911 1048 977 cap.
1072 900 1112 960 55
1135 895 1295 978 leguntur.
1324 896 1420 977 Apud
1516 904 1519 909 ’

260 1004 449 1074 Ciceronem
483 1001 700 1068 Demochares
731 1000 780 1067 his
802 1002 1003 1067 nominatur:
1036 999 1173 1082 primum
1208 1002 1249 1068 de
1275 1007 1358 1068 orat.
1384 1002 1420 1069 ΙΙ

263 1116 315 1193 23,
339 1116 390 1193 95,
418 1128 511 1191 quem
537 1110 642 1177 locum
675 1108 740 1175 iam
769 1108 990 1191 laudavimus,
1024 1108 1141 1176 deinde
1163 1108 1196 1175 in
1230 1110 1335 1176 Bruto
1366 1115 1418 1196 83,

262 1222 338 1286 286..
378 1206 533 1299 Utroque
547 1218 618 1283 loco
639 1216 727 1283 inter
746 1234 814 1294 eos
837 1216 892 1297 qui
912 1215 1133 1283 Demosthene
1156 1217 1420 1300 principibusque

261 1326 388 1392 illorum
409 1332 587 1409 temporum
600 1326 781 1392 oratoribus
797 1321 971 1391 exstinctis
985 1324 1123 1391 maxime
1145 1329 1215 1391 tum
1233 1326 1417 1409 viguerunt,

262 1434 374 1501 Cicero
403 1434 637 1511 Democharem
659 1434 707 1501 ita
727 1433 969 1513 commemorat,
998 1438 1037 1498 ut
1063 1452 1137 1499 eum
1158 1432 1192 1498 in
1218 1433 1363 1502 historiis
1383 1441 1418 1505 et

261 1542 477 1625 orationihus,
506 1560 586 1623 quas
609 1542 807 1625 propinquus
835 1542 892 1609 ille
922 1541 1152 1609 Demosthenis
1171 1541 1322 1625 reliquit,
1354 1563 1416 1609 non

262 1649 467 1717 mediocriter
497 1655 662 1718 versatum
700 1668 771 1717 esse
798 1649 1022 1733 intellegatur.
1070 1648 1185 1729 quom
1216 1648 1321 1719 minus
1348 1651 1413 1717 reri

262 1758 366 1825 simile
388 1763 448 1840 cst,
471 1758 662 1841 praesertim
689 1778 730 1824 ex
749 1757 975 1825 familiaritate
996 1755 1056 1824 illa
1075 1775 1159 1839 quae
1180 1757 1211 1823 ei
1233 1777 1305 1824 cum
1328 1758 1412 1825 Cice·

260 1884 340 1934 rone
348 1866 544 1948 intercessit,
564 1866 734 1933 scientiam
751 1866 887 1948 Nepotis
899 1864 1053 1934 historias
1063 1865 1274 1933 Democharis
1283 1866 1415 1951 fugisse.

363 1974 568 2057 Quapropter
584 1974 612 2041 si
630 1992 694 2041 non
717 1979 855 2057 certum,
878 1980 988 2042 tamen
1011 1972 1259 2055 haudquaquam
1280 1974 1417 2041 incredi-

262 2082 327 2148 bile
348 2087 409 2165 est,
432 2081 591 2165 Nepotem
613 2082 646 2148 iu
669 2082 831 2150 Phocione
858 2082 957 2150 libros
977 2081 1189 2150 Democharis
1209 2081 1416 2149 cousuluisse.

262 2190 334 2257 Hoc
357 2191 473 2257 saltem
493 2191 648 2271 probasse
668 2190 760 2257 nobis
779 2190 934 2274 videmur,
958 2209 1029 2263 eum
1044 2208 1107 2257 non
1129 2208 1170 2256 cx
1191 2191 1302 2257 eodem
1323 2190 1415 2257 fonte

263 2300 348 2365 urrde
370 2297 581 2377 Plutarchum
604 2297 760 2365 hausisse.
872 2350 874 2353 >
964 2281 966 2292 ’
