3234 5067
18 716 31 780 uj.

18 845 29 891 ᾗ

19 955 28 1000 Ε

18 1066 25 1111 l

658 549 876 637 ÷aa-
1042 545 1045 552 ·

294 716 419 801 Quibus
441 716 538 785 rebus
564 716 721 799 expositis
751 735 815 783 uon
842 714 974 782 dubium
1006 732 1079 782 esse
1112 718 1235 799 potest,
1271 714 1347 795 quin

193 828 393 915 Plutarchus
412 824 512 892 etiam
533 826 567 892 in
588 828 651 893 huo
678 821 774 907 parte
792 824 895 891 ¹vitae
917 822 1087 890 Phocionis
1109 842 1149 889 eu
1170 823 1262 890 libris
1282 823 1349 888 Du·

191 935 271 1001 ridis
289 933 496 1015 excerpserit.
527 934 610 1001 Nam
632 933 743 1001 stilum
763 932 832 1000 eius
842 950 884 999 ex
899 932 1185 1015 apophthegmatis
1208 933 1240 998 iu
1253 951 1346 1015 capp.

192 1049 317 1111 4-10
339 1060 404 1109 nou
425 1060 603 1126 agnoscere
623 1060 716 1110 nemo
735 1034 881 1125 poterit

298 1162 563 1257 quaestionem
586 1172 730 1239 fontibus
757 1170 793 1237 in
814 1169 976 1236 Phocione
998 1168 1040 1236 ed
1062 1168 1184 1236 exitum
1211 1169 1351 1236 deducta

18 1303 20 1313 ·
143 1294 144 1297 ’
200 1281 359 1362 reliquum
377 1285 438 1363 est,
461 1285 498 1346 ut
520 1283 677 1361 quantum
699 1280 780 1347 haec
801 1278 873 1345 vita
900 1277 1068 1343 adrerum
1097 1281 1165 1344 tum
1187 1282 1362 1361 gestarum

199 1386 418 1469 cognitionem
436 1387 558 1468 valeat,
580 1386 695 1468 paucis
720 1376 941 1466 explicemus.¹
970 1382 1083 1464 Neque
1106 1384 1171 1449 iam
1193 1384 1353 1451 incertum

199 1499 260 1577 est,
282 1494 419 1575 quidde
444 1512 484 1560 ea
509 1493 714 1561 iudicandum
738 1492 791 1559 sit.
836 1492 919 1558 Nam
953 1510 1024 1558 cum
1048 1491 1246 1559 Plutarchus
1277 1510 1352 1560 auc·

199 1607 299 1667 torem
329 1606 503 1683 sequatur,
530 1618 633 1682 aquo
665 1601 727 1667 tibi
740 1599 926 1668 'cavendum
947 1607 1016 1682 est,
1047 1619 1088 1665 ne
1118 1600 1213 1666 nimis
1231 1601 1262 1667 ei
1279 1620 1352 1667 con-

195 1708 293 1791 fidas,
325 1726 365 1778 ea
394 1712 522 1775 tautam
551 1727 608 1791 pro
639 1712 729 1774 certo
758 1708 909 1776 habenda
927 1712 1017 1790 sunt,
1037 1708 1071 1774 iu
1094 1709 1214 1792 quibus
1232 1708 1290 1775 ille
1311 1711 1353 1775 ab

195 1816 330 1896 reliquis
367 1834 473 1882 rerum
501 1816 712 1897 scriptoribus
743 1834 807 1883 uon
848 1816 1010 1883 dissentit.
1060 1816 1246 1899 'lantopere
1269 1818 1353 1883 euim

195 1923 312 1990 laudes
339 1922 510 1989 Phocionis
540 1928 655 1990 auctas
684 1936 757 1989 esse·
784 1922 938 2005 vidimus,
968 1926 1006 1988 ut
1031 1940 1268 2003 nonnumquam
1298 1924 1355 1991 vix

195 2031 280 2098 mica
314 2031 408 2112 quasi
445 2032 598 2099 ueritatis
641 2030 883 2098 narrationibus
927 2030 1097 2097 Plutarchi
1138 2026 1360 2118 contineatur

199 2142 326 2207 Auctor
343 2145 453 2206 autem
468 2140 536 2205 eius
558 2158 596 2206 eo
611 2140 743 2207 consilio
755 2139 924 2222 scripsisse
943 2138 1083 2221 videtur,
1101 2147 1139 2203 ut
1150 2138 1353 2221 Phocionem,

197 2248 356 2315 hominem
386 2248 476 2314 illum
498 2248 600 2314 omnis
633 2248 785 2315 elationis
807 2252 842 2313 et
859 2247 1094 2330 magnitudinis
1118 2247 1217 2314 animi
1243 2266 1354 2329 exper-

197 2364 265 2422 tem
285 2374 355 2422 cum
379 2356 495 2423 damno
525 2356 649 2440 gloriae
672 2356 808 2432 aliorum
840 2356 1006 2421 auctorem
1035 2355 1173 2421 omnium
1196 2358 1354 2422 virtutum

198 2471 233 2530 et
265 2466 370 2532 virum
401 2472 470 2531 tum
500 2484 580 2547 prae
616 2464 761 2532 omnibus
800 2464 961 2530 sincerum
987 2468 1021 2529 et
1042 2465 1246 2546 prudentem
1285 2464 1355 2529 des-

197 2573 349 2639 cribaret.

462 2806 524 2879 De
549 2810 623 2878 vcia
649 2804 835 2877 Phocz'om's
866 2804 1092 2881 Corneliana.

303 2962 352 3029 De
375 2962 571 3044 auctoribus,
602 2978 681 3042 quos
708 2960 877 3027 Cornelius
897 2960 1007 3041 Nepos
1038 2960 1071 3027 iu
1097 2960 1167 3027 vita
1188 2960 1359 3029 Phocionis

200 3075 331 3139 secutus
352 3070 550 3153 susceptus
573 3069 636 3135 iam
659 3068 814 3152 scriptum
837 3072 898 3134 est
1321 3056 1326 3061 ’

303 3202 398 3267 Anno
424 3204 506 3267 leat
523 3200 548 3268 I.
560 3198 586 3266 I.
602 3198 718 3281 Hisely
738 3198 876 3280 Delphis
888 3197 1087 3266 Batauorum
1104 3197 1358 3278 disquisitionem

200 3309 347 3376 criticam
372 3310 412 3375 de
440 3306 585 3374 fontibus
610 3310 645 3371 et
667 3306 866 3373 auctoritate
889 3306 1030 3373 Cornelii
1046 3306 1182 3388 Nepotis
1202 3306 1237 3371 in
1255 3306 1358 3373 luceru

200 3416 312 3481 edidit.
357 3417 452 3482 Anno
483 3415 546 3482 ium
577 3413 721 3496 proximo
751 3414 881 3480 libellus
911 3414 1052 3481 eiusdem
1076 3414 1295 3497 inscriptionis
1316 3416 1358 3481 ah

201 3514 363 3608 Eijsseuio
400 3522 549 3589 Wichers
593 3521 781 3605 Grouiugae
819 3522 909 3589 iores
952 3523 1049 3589 datus
1086 3529 1146 3590 est.
1211 3524 1358 3605 Denique

203 3630 385 3712 nuperrime
405 3628 457 3696 W.
480 3628 578 3709 Klotz
599 3630 634 3695 in
659 3630 755 3713 libro,
788 3630 1033 3712 quem-saepius
1054 3631 1275 3714 laudavimus
1304 3652 1358 3715 pg.

206 3742 248 3801 62
268 3755 334 3819 seq.
357 3738 581 3807 demonstrare
603 3738 744 3821 studuit,
772 3738 930 3821 Nepotem
952 3757 993 3805 ex
1015 3740 1126 3806 eodem
1147 3738 1239 3806 fonte
1261 3745 1360 3820 atque

204 3843 414 3912 Plutarchum
447 3845 604 3917 hausisse.
647 3845 687 3912 In
717 3848 779 3913 hac
808 3837 930 3914 autem'
950 3847 1115 3913 sententia
1146 3847 1266 3914 idcirco
1298 3853 1359 3932 est,

204 3953 289 4033 quod
312 3954 398 4035 apud
420 3954 494 4021 illos
523 3954 603 4021 duos
624 3954 801 4036 scriptores
820 3955 946 4036 aliquot
972 3954 1052 4021 locis
1073 3956 1243 4022 verborum
1262 3973 1360 4037 quae·

204 4060 278 4149 dam
306 4061 481 4129 simil-itudo
503 4063 533 4128 ei
554 4062 758 4129 intercedere
789 4063 929 4130 videtur.
958 4063 1039 4129 ‘Sed
1068 4064 1133 4130 iam
1154 4063 1209 4130 Fr.
1232 4063 1360 4130 Krauer

203 4167 237 4233 iu
260 4169 464 4250 praelatione
486 4170 528 4236 ad
552 4169 726 4237 editionem
756 4170 848 4237 ritae
869 4171 1041 4239 Phocionis
1061 4171 1279 4238 Plutarcheae
1306 4191 1360 4255 pg.

205 4274 404 4357 8Nepctem
431 4277 529 4361 louge
562 4276 644 4343 alios
672 4283 772 4359 atque
801 4278 1011 4348 Plutarchum
1042 4284 1078 4346 et
1103 4280 1136 4345 iu
1167 4279 1359 4347 Phocionem

205 4384 384 4451 severiores
405 4390 505 4466 atque
524 4385 699 4465 iniquiores
720 4390 872 4454 auctores
894 4388 936 4454 ad
957 4406 1071 4456 manus
1089 4388 1240 4454 habuisse
1260 4390 1360 4457 videt.

193 4490 322 4571 ltaque
344 4493 613 4576 operaepretium
636 4511 708 4561 esse
729 4498 895 4579 putamus,
916 4498 945 4564 si
968 4516 1007 4563 ea
1030 4514 1113 4577 quae
1129 4496 1190 4563 ille
1211 4516 1242 4567 a.
1264 4500 1293 4565 d.
1316 4500 1361 4564 le-

205 4598 292 4665 viter
312 4600 435 4683 tetigit,
459 4602 604 4683 pluribus
624 4618 832 4684 exponamus.

1139 4723 1155 4774 a
