3234 5067
694 562 732 573 ..
777 530 819 589 30
862 563 902 574 ..

215 690 326 763 ἄλλων
347 694 396 761 ἐπ’
420 689 530 773 ἄλλοις
552 688 746 781 ε’ὕαγγελὶων
767 699 987 783 γραφομένων
1008 700 1062 764 καὶ
1082 698 1276 785 φερομένων
1305 693 1373 764 ἄπο

219 804 451 889 στρατοπέδου,
474 800 581 889 ,Πότε
602 799 686 889 ἄρα(ί
708 798 812 887 φάναι
834 800 1050 892 ,παυσόμεθα
1070 810 1268 887 ναοῦντες;“

324 934 409 1020 Quid
426 934 572 1015 pluribus
588 952 668 1018 opus
688 934 764 1001 est?
791 934 841 1002 Ne
859 935 1033 1019 uestIginm
1057 936 1184 1017 quidem
1211 935 1319 1002 nllum‘
1340 934 1373 1000 in
1412 889 1418 903 ο

220 1043 382 1113 Phocione
404 1042 562 1124 reliquum
584 1048 636 1109 est
658 1043 905 1127 aestimationis
922 1062 985 1125 qua
996 1044 1373 1128 Hieronymnsrirtutem

87 1160 91 1165 '
189 1144 190 1147 ’
221 1153 417 1218 Graecorum
439 1169 569 1218 mensus
591 1157 649 1217 est.
693 1152 765 1218 Hoc
789 1156 899 1219 autem
925 1151 1074 1220 accidere
1106 1134 1169 1219 non
1197 1150 1375 1235 potuit,si

220 1261 416 1330 Plutarchus
433 1278 495 1341 quo
515 1264 659 1341 tempore
688 1260 789 1327 ultam
811 1260 982 1327 Phocionis
1009 1260 1238 1343 componebat,
1263 1261 1374 1327 eodem

219 1370 322 1434 libros
340 1368 409 1435 eius
429 1366 516 1450 ipsos
536 1366 743 1451 inspexisset.
1300 1385 1306 1395 ¹

321 1496 393 1563 Non
429 1514 538 1564 omnes
570 1501 680 1563 autem
711 1514 781 1579 res,
818 1496 952 1578 quasin
983 1497 1123 1579 epitome
1148 1515 1207 1564 sua
1238 1496 1374 1577 inuenit,

220 1605 416 1672 Plutarchus
450 1605 484 1672 in
517 1604 620 1671 uitam
654 1605 916 1687 transscripsisse
952 1605 1091 1673 videtur.
1136 1605 1218 1672 Nam
1254 1603 1374 1685 aliquo·

220 1714 284 1779 ties
316 1732 463 1793 eaquae
489 1713 523 1778 ih
552 1712 714 1781 Phocione
741 1714 915 1797 leguntur,
943 1732 964 1780 a
991 1712 1133 1781 Diodoro
1164 1714 1257 1793 quasi
1292 1730 1375 1778 com-

220 1824 360 1904 plentur.
408 1820 510 1903 Apud
539 1839 632 1904 eum,
665 1827 703 1887 ut
732 1822 881 1903 exempla
919 1820 1134 1904 proferamus,
1165 1818 1291 1901 XVIII.
1324 1826 1374 1886 lt.

221 1936 241 1994 8
275 1929 385 1997 clades
419 1932 710 2012 commemoratur,
747 1948 843 2009 quam
891 1928 1086 1997 Macedones
1121 1928 1376 1996 Atheniensibus

225 2036 418 2120 attulerant,
435 2038 475 2104 de
498 2056 561 2118 qua
577 2038 663 2120 apud
685 2036 896 2104 Plutarchum
913 2037 996 2104 nihil
1013 2042 1175 2104 namatur.
1198 2037 1377 2105 Praeterea

220 2146 305 2213 idem
324 2146 452 2229 reticet,
482 2146 701 2214 Athenienses
730 2146 899 2229 Antipatri
925 2145 1015 2213 iussu
1038 2145 1127 2213 Sami
1151 2146 1278 2213 insulae
1304 2163 1375 2229 pos

150 2255 153 2263 '
221 2255 364 2324 sessione
382 2254 525 2323 cessisse.
549 2256 592 2320 cf.
615 2253 709 2320 Diod.
733 2252 859 2321 XVIII.
883 2259 932 2323 18.
951 2260 989 2322 a
1011 2247 1110 2321 Nulla
1136 2260 1214 2322 vero
1243 2252 1310 2321 alia
1334 2252 1375 2319 de

222 2382 321 2431 causa
343 2364 403 2430 has
425 2380 478 2429 res
488 2362 685 2431 Plutarchus
703 2362 900 2444 praeterisse
913 2359 1054 2445 videtur,
1067 2363 1225 2444 maiquod
1237 2361 1376 2429 scientia

185 2452 189 2463 ’
220 2489 340 2553 aarum,
363 2473 401 2537 ut
422 2463 535 2537 cursus
555 2488 663 2537 rerum
681 2470 715 2537 in
738 2472 817 2537 urbe
838 2474 1005 2555 gestarum
1019 2469 1235 2555 intelligatur,
1246 2469 1376 2536 minima

220 2578 406 2646 necessaria
428 2581 489 2645 est.
533 2576 660 2644 Deinde
672 2582 808 2662 excepto
829 2597 876 2661 ec,
897 2578 980 2660 quod
1001 2578 1035 2645 in
1057 2578 1122 2645 fine
1143 2597 1213 2661 cap.
1237 2584 1278 2647 88
1293 2596 1375 2645 com·

179 2752 181 2759 .
222 2674 426 2769 memoratur,
448 2687 521 2767 plus
543 2705 639 2767 quam
661 2686 829 2753 duodecim
847 2686 1115 2753 milianumemm
1136 2705 1245 2753 eorum
1264 2687 1375 2770 fnisse,

221 2797 276 2876 qui
296 2796 338 2861 ab
352 2793 527 2878 Antipatro
550 2794 688 2864 ciuitate
709 2794 842 2877 spoliati
858 2798 978 2877 essent,
1001 2800 1192 2862 constanter
1212 2799 1319 2862 certos
1340 2800 1376 2861 et

221 2904 372 2971 definitos
392 2921 543 2972 numeros
566 2902 683 2970 afferre
706 2902 841 2983 omittit,
864 2922 1055 2985 quamquam
1070 2923 1111 2971 ex
1126 2909 1269 2986 auctore,
1282 2921 1375 2984 quem

221 3020 352 3082 secutus
381 3017 448 3096 est,
476 3032 531 3081 eos
567 3013 753 3096 depromere
788 3014 906 3096 potuit.
931 3013 1107 3096 Exempli
1140 3013 1250 3098 gratia
1283 3011 1376 3079 initio

222 3142 292 3206 cap.
315 3128 355 3192 26
380 3121 550 3189 Craterum
572 3140 644 3187 cum
665 3140 784 3205 magno
807 3117 953 3188 exercitu
980 3140 1021 3189 ex
1041 3121 1122 3188 Asia
1154 3121 1188 3187 in
1212 3121 1375 3203 Europam

222 3232 360 3314 venisse,
374 3230 518 3297 Graecos
534 3229 576 3297 ad
589 3229 768 3297 Oranonem
781 3230 907 3297 cladem
928 3230 1015 3296 haud
1028 3246 1179 3313 magnam
1200 3225 1375 3309 accepisse,

220 3357 387 3410 numerum
408 3356 574 3406 caesorum
596 3338 747 3421 exiguum
767 3337 878 3421 fuisse,
902 3337 1010 3420 capite
1030 3342 1072 3420 27
1103 3334 1209 3402 medio
1231 3334 1375 3402 homines

224 3468 334 3518 omnes
355 3447 425 3515 sine
450 3464 548 3514 censu
570 3445 707 3514 civitate
721 3446 868 3529 privatos
890 3432 960 3512 esse
980 3444 1177 3511 Plutarchus
1198 3442 1287 3511 dicit.
1312 3441 1375 3525 Qui

223 3562 284 3629 has
303 3541 400 3624 voces
425 3555 613 3650 indefinitas
635 3573 705 3622 cum
734 3555 884 3637 numeris,
917 3572 996 3634 quos
1020 3552 1180 3620 Diodorus
1203 3550 1374 3619 memoriae

222 3668 338 3754 prodit,
363 3664 586 3749 composuerit,
608 3663 638 3731 is
658 3664 814 3746 inveniet,
836 3664 976 3729 alterum
997 3680 1068 3728 cum
1095 3663 1201 3729 altero
1232 3678 1296 3726 non
1324 3676 1374 3725 re·

223 3794 379 3862 pugnare.
402 3774 445 3840 cf.
467 3769 560 3841 Diod.
584 3773 639 3841 lib.
652 3772 779 3839 XVIII.
803 3790 830 3838 c.
855 3777 905 3853 16,
920 3776 953 3853 4,
976 3788 1005 3837 c.
1028 3776 1079 3855 17,
1103 3777 1133 3854 t,
1153 3788 1181 3837 c.
1205 3776 1256 3853 18,
1275 3773 1305 3841 4.

325 3922 542 4007 Relinquitur,
561 3928 598 3989 ut
618 3923 658 3990 de
680 3920 966 4005 apophthegmatis
986 3920 1020 3988 in
1034 3938 1126 4003 capp.
1149 3902 1271 3986 4-10
1289 3920 1374 3989 uude

221 4038 328 4101 sumta
350 4033 416 4100 sint
436 4049 541 4115 pauca
565 4032 719 4099 dicamus.

321 4162 469 4231 Proximo
491 4161 601 4249 (1881)
622 4178 706 4228 anno
727 4159 761 4225 in
783 4158 895 4225 libello
909 4156 1097 4238 *Ploenenst
1121 4155 1176 4236 qui
1199 4143 1376 4226 Plutarchs'

217 4258 497 4355 ¹apophthegmata
514 4287 626 4353 regum
648 4272 682 4334 et
702 4268 931 4351 imperatorum
953 4264 1150 4347 inscribitur,
1172 4264 1228 4332 Fr.
1244 4265 1374 4333 Sassde

150 4417 153 4425 =
221 4379 348 4445 ratione
370 4378 527 4461 exposuit,
550 4392 633 4457 quae
651 4376 739 4442 inter
749 4374 920 4442 Plutarchi
941 4374 1028 4441 ritas
1038 4378 1074 4438 et
1089 4372 1263 4456 eascripta
1275 4375 1373 4440 intar-

221 4488 318 4569 cedit,
339 4506 422 4568 quae
440 4485 575 4553 moralia
596 4486 692 4569 uulgo
713 4488 883 4553 vocantur.
926 4482 985 4565 Pg.
1000 4488 1040 4550 18
1060 4480 1102 4548 ad
1118 4482 1203 4548 hanc
1214 4482 1373 4550 adductus

222 4602 273 4662 est
294 4597 506 4675 sententiam,
526 4599 562 4661 ut
583 4594 793 4661 Plutarchum
823 4592 882 4658 illa
906 4591 1183 4673 apophthegmata
1207 4594 1286 4658 ante
1309 4593 1371 4657 col·
